timestamp;buyer;seller;symbol;currency;price;quantity
0;;;CROISSANTS;SEASHELLS;4322.0;8
0;;;DJEMBES;SEASHELLS;13494.0;3
0;;;RAINFOREST_RESIN;SEASHELLS;9992.0;8
200;;;RAINFOREST_RESIN;SEASHELLS;10008.0;2
300;;;KELP;SEASHELLS;2029.0;6
300;;;SQUID_INK;SEASHELLS;1965.0;6
500;;;JAMS;SEASHELLS;6631.0;10
500;;;KELP;SEASHELLS;2031.0;1
500;;;SQUID_INK;SEASHELLS;1970.0;1
1000;;;PICNIC_BASKET1;SEASHELLS;59243.0;2
1000;;;PICNIC_BASKET2;SEASHELLS;30509.0;7
1200;;;DJEMBES;SEASHELLS;13494.0;1
1300;;;CROISSANTS;SEASHELLS;4321.0;7
1300;;;KELP;SEASHELLS;2031.0;2
1300;;;SQUID_INK;SEASHELLS;1970.0;2
1300;;;SQUID_INK;SEASHELLS;1968.0;5
1400;;;DJEMBES;SEASHELLS;13493.0;3
1400;;;KELP;SEASHELLS;2029.0;1
1400;;;SQUID_INK;SEASHELLS;1969.0;1
1500;;;KELP;SEASHELLS;2032.0;1
1500;;;SQUID_INK;SEASHELLS;1971.0;1
2000;;;KELP;SEASHELLS;2030.0;7
2000;;;SQUID_INK;SEASHELLS;1972.0;7
2400;;;RAINFOREST_RESIN;SEASHELLS;10008.0;9
2400;;;SQUID_INK;SEASHELLS;1975.0;10
2600;;;DJEMBES;SEASHELLS;13489.0;5
2700;;;RAINFOREST_RESIN;SEASHELLS;9997.0;2
2800;;;JAMS;SEASHELLS;6633.0;10
2800;;;KELP;SEASHELLS;2033.0;1
3100;;;DJEMBES;SEASHELLS;13489.0;5
3100;;;KELP;SEASHELLS;2031.0;1
3100;;;SQUID_INK;SEASHELLS;1972.0;1
3200;;;JAMS;SEASHELLS;6633.0;5
3300;;;JAMS;SEASHELLS;6633.0;8
3400;;;RAINFOREST_RESIN;SEASHELLS;9992.0;6
3500;;;CROISSANTS;SEASHELLS;4320.0;8
3500;;;JAMS;SEASHELLS;6632.0;7
3500;;;PICNIC_BASKET1;SEASHELLS;59233.0;2
3500;;;PICNIC_BASKET2;SEASHELLS;30498.0;2
3700;;;DJEMBES;SEASHELLS;13488.0;4
3700;;;KELP;SEASHELLS;2033.0;1
3700;;;SQUID_INK;SEASHELLS;1973.0;1
3700;;;SQUID_INK;SEASHELLS;1972.0;4
3800;;;KELP;SEASHELLS;2030.0;11
3800;;;PICNIC_BASKET1;SEASHELLS;59232.0;1
3800;;;PICNIC_BASKET2;SEASHELLS;30498.0;1
3800;;;SQUID_INK;SEASHELLS;1971.0;11
4000;;;RAINFOREST_RESIN;SEASHELLS;10003.0;9
4200;;;KELP;SEASHELLS;2030.0;3
4200;;;KELP;SEASHELLS;2030.0;2
4200;;;SQUID_INK;SEASHELLS;1971.0;3
4200;;;SQUID_INK;SEASHELLS;1971.0;2
4300;;;KELP;SEASHELLS;2030.0;1
4300;;;RAINFOREST_RESIN;SEASHELLS;9992.0;1
4300;;;RAINFOREST_RESIN;SEASHELLS;9998.0;3
4300;;;SQUID_INK;SEASHELLS;1970.0;1
4400;;;JAMS;SEASHELLS;6633.0;9
4400;;;KELP;SEASHELLS;2030.0;1
4400;;;SQUID_INK;SEASHELLS;1971.0;1
4600;;;JAMS;SEASHELLS;6634.0;7
4600;;;PICNIC_BASKET2;SEASHELLS;30503.0;2
4700;;;CROISSANTS;SEASHELLS;4319.0;5
4800;;;KELP;SEASHELLS;2031.0;1
4800;;;SQUID_INK;SEASHELLS;1973.0;1
5400;;;KELP;SEASHELLS;2030.0;6
5400;;;SQUID_INK;SEASHELLS;1973.0;6
5800;;;CROISSANTS;SEASHELLS;4320.0;10
5800;;;CROISSANTS;SEASHELLS;4320.0;6
5800;;;JAMS;SEASHELLS;6635.0;4
6100;;;RAINFOREST_RESIN;SEASHELLS;9992.0;8
6200;;;DJEMBES;SEASHELLS;13490.0;3
6300;;;KELP;SEASHELLS;2029.0;1
6300;;;SQUID_INK;SEASHELLS;1973.0;1
6800;;;JAMS;SEASHELLS;6633.0;7
6800;;;KELP;SEASHELLS;2029.0;2
6800;;;SQUID_INK;SEASHELLS;1975.0;1
6800;;;SQUID_INK;SEASHELLS;1975.0;1
6900;;;KELP;SEASHELLS;2032.0;1
6900;;;SQUID_INK;SEASHELLS;1975.0;1
7200;;;JAMS;SEASHELLS;6632.0;4
7200;;;KELP;SEASHELLS;2033.0;1
7200;;;RAINFOREST_RESIN;SEASHELLS;10008.0;7
7200;;;SQUID_INK;SEASHELLS;1979.0;1
7300;;;KELP;SEASHELLS;2030.0;15
7300;;;SQUID_INK;SEASHELLS;1975.0;15
7700;;;DJEMBES;SEASHELLS;13493.0;1
7700;;;KELP;SEASHELLS;2032.0;1
7700;;;KELP;SEASHELLS;2032.0;1
7700;;;RAINFOREST_RESIN;SEASHELLS;9998.0;1
7700;;;RAINFOREST_RESIN;SEASHELLS;9998.0;2
7700;;;SQUID_INK;SEASHELLS;1976.0;1
7700;;;SQUID_INK;SEASHELLS;1976.0;1
7800;;;DJEMBES;SEASHELLS;13492.0;1
7800;;;KELP;SEASHELLS;2032.0;1
7800;;;SQUID_INK;SEASHELLS;1976.0;1
7900;;;KELP;SEASHELLS;2032.0;1
7900;;;RAINFOREST_RESIN;SEASHELLS;9999.0;1
7900;;;SQUID_INK;SEASHELLS;1974.0;1
8000;;;CROISSANTS;SEASHELLS;4320.0;5
8100;;;KELP;SEASHELLS;2033.0;14
8100;;;SQUID_INK;SEASHELLS;1976.0;14
8300;;;KELP;SEASHELLS;2033.0;11
8300;;;SQUID_INK;SEASHELLS;1980.0;11
8600;;;JAMS;SEASHELLS;6634.0;4
8600;;;PICNIC_BASKET1;SEASHELLS;59228.0;1
8600;;;PICNIC_BASKET1;SEASHELLS;59228.0;7
9000;;;DJEMBES;SEASHELLS;13492.0;5
9200;;;RAINFOREST_RESIN;SEASHELLS;10002.0;3
9300;;;DJEMBES;SEASHELLS;13496.0;4
9300;;;KELP;SEASHELLS;2032.0;4
9300;;;RAINFOREST_RESIN;SEASHELLS;10001.0;1
9400;;;DJEMBES;SEASHELLS;13495.0;2
9500;;;PICNIC_BASKET1;SEASHELLS;59212.0;1
9500;;;PICNIC_BASKET2;SEASHELLS;30514.0;7
9600;;;KELP;SEASHELLS;2032.0;1
9600;;;KELP;SEASHELLS;2032.0;1
9600;;;KELP;SEASHELLS;2030.0;6
9600;;;SQUID_INK;SEASHELLS;1983.0;1
9600;;;SQUID_INK;SEASHELLS;1983.0;1
9700;;;DJEMBES;SEASHELLS;13495.0;5
9700;;;JAMS;SEASHELLS;6633.0;5
9700;;;RAINFOREST_RESIN;SEASHELLS;10008.0;5
9800;;;RAINFOREST_RESIN;SEASHELLS;10001.0;1
10000;;;CROISSANTS;SEASHELLS;4319.0;9
10100;;;KELP;SEASHELLS;2032.0;4
10300;;;KELP;SEASHELLS;2033.0;2
10300;;;SQUID_INK;SEASHELLS;1985.0;2
10700;;;KELP;SEASHELLS;2029.0;6
10700;;;RAINFOREST_RESIN;SEASHELLS;9998.0;5
10700;;;SQUID_INK;SEASHELLS;1981.0;6
10800;;;CROISSANTS;SEASHELLS;4320.0;5
10800;;;KELP;SEASHELLS;2029.0;1
10800;;;RAINFOREST_RESIN;SEASHELLS;9999.0;1
10800;;;SQUID_INK;SEASHELLS;1981.0;1
10900;;;RAINFOREST_RESIN;SEASHELLS;10008.0;2
11300;;;KELP;SEASHELLS;2033.0;6
11300;;;RAINFOREST_RESIN;SEASHELLS;9992.0;7
11300;;;SQUID_INK;SEASHELLS;1983.0;6
11400;;;RAINFOREST_RESIN;SEASHELLS;9992.0;2
11600;;;JAMS;SEASHELLS;6634.0;9
11700;;;DJEMBES;SEASHELLS;13497.0;2
11900;;;RAINFOREST_RESIN;SEASHELLS;10001.0;1
12100;;;KELP;SEASHELLS;2030.0;2
12100;;;SQUID_INK;SEASHELLS;1979.0;15
12200;;;JAMS;SEASHELLS;6632.0;5
12600;;;CROISSANTS;SEASHELLS;4320.0;5
12700;;;CROISSANTS;SEASHELLS;4320.0;6
12700;;;DJEMBES;SEASHELLS;13498.0;4
13000;;;PICNIC_BASKET1;SEASHELLS;59244.0;9
13000;;;PICNIC_BASKET2;SEASHELLS;30522.0;9
13100;;;CROISSANTS;SEASHELLS;4320.0;10
13300;;;KELP;SEASHELLS;2032.0;1
13300;;;SQUID_INK;SEASHELLS;1974.0;1
13600;;;CROISSANTS;SEASHELLS;4321.0;10
13600;;;SQUID_INK;SEASHELLS;1976.0;5
13700;;;CROISSANTS;SEASHELLS;4321.0;7
13800;;;CROISSANTS;SEASHELLS;4321.0;7
13900;;;DJEMBES;SEASHELLS;13494.0;4
13900;;;PICNIC_BASKET1;SEASHELLS;59231.0;9
13900;;;PICNIC_BASKET2;SEASHELLS;30514.0;9
14000;;;KELP;SEASHELLS;2033.0;1
14000;;;SQUID_INK;SEASHELLS;1976.0;1
14200;;;JAMS;SEASHELLS;6633.0;9
14300;;;KELP;SEASHELLS;2031.0;1
14300;;;PICNIC_BASKET1;SEASHELLS;59247.0;2
14300;;;PICNIC_BASKET1;SEASHELLS;59247.0;3
14300;;;PICNIC_BASKET2;SEASHELLS;30515.0;2
14300;;;PICNIC_BASKET2;SEASHELLS;30515.0;3
14300;;;SQUID_INK;SEASHELLS;1974.0;1
14400;;;DJEMBES;SEASHELLS;13493.0;3
14400;;;JAMS;SEASHELLS;6633.0;7
14500;;;KELP;SEASHELLS;2030.0;1
14500;;;KELP;SEASHELLS;2031.0;2
14500;;;SQUID_INK;SEASHELLS;1976.0;1
14500;;;SQUID_INK;SEASHELLS;1977.0;2
14600;;;DJEMBES;SEASHELLS;13494.0;1
14800;;;KELP;SEASHELLS;2030.0;1
14800;;;SQUID_INK;SEASHELLS;1977.0;1
14900;;;RAINFOREST_RESIN;SEASHELLS;10000.0;3
15000;;;JAMS;SEASHELLS;6631.0;5
15000;;;JAMS;SEASHELLS;6633.0;6
15000;;;KELP;SEASHELLS;2030.0;1
15000;;;SQUID_INK;SEASHELLS;1977.0;1
15100;;;KELP;SEASHELLS;2033.0;1
15200;;;KELP;SEASHELLS;2031.0;7
15200;;;KELP;SEASHELLS;2031.0;1
15200;;;SQUID_INK;SEASHELLS;1977.0;7
15300;;;JAMS;SEASHELLS;6631.0;10
15400;;;KELP;SEASHELLS;2033.0;1
15400;;;SQUID_INK;SEASHELLS;1974.0;1
15500;;;CROISSANTS;SEASHELLS;4321.0;8
15500;;;KELP;SEASHELLS;2032.0;1
15500;;;KELP;SEASHELLS;2030.0;4
15500;;;SQUID_INK;SEASHELLS;1975.0;1
15500;;;SQUID_INK;SEASHELLS;1972.0;4
15600;;;DJEMBES;SEASHELLS;13491.0;6
15700;;;CROISSANTS;SEASHELLS;4322.0;7
15700;;;JAMS;SEASHELLS;6631.0;7
15800;;;JAMS;SEASHELLS;6631.0;5
15800;;;KELP;SEASHELLS;2030.0;11
15800;;;SQUID_INK;SEASHELLS;1973.0;2
15800;;;SQUID_INK;SEASHELLS;1973.0;9
15900;;;RAINFOREST_RESIN;SEASHELLS;10001.0;1
16200;;;KELP;SEASHELLS;2032.0;1
16200;;;KELP;SEASHELLS;2032.0;3
16200;;;SQUID_INK;SEASHELLS;1970.0;1
16200;;;SQUID_INK;SEASHELLS;1970.0;3
16400;;;JAMS;SEASHELLS;6632.0;9
16400;;;KELP;SEASHELLS;2030.0;4
16700;;;CROISSANTS;SEASHELLS;4320.0;7
16700;;;KELP;SEASHELLS;2030.0;1
16700;;;RAINFOREST_RESIN;SEASHELLS;9992.0;1
16700;;;SQUID_INK;SEASHELLS;1966.0;1
16800;;;KELP;SEASHELLS;2033.0;2
16800;;;SQUID_INK;SEASHELLS;1968.0;2
16900;;;PICNIC_BASKET1;SEASHELLS;59218.0;7
16900;;;PICNIC_BASKET2;SEASHELLS;30500.0;7
17100;;;CROISSANTS;SEASHELLS;4321.0;6
17100;;;KELP;SEASHELLS;2030.0;1
17100;;;SQUID_INK;SEASHELLS;1964.0;1
17300;;;PICNIC_BASKET1;SEASHELLS;59221.0;3
17300;;;PICNIC_BASKET2;SEASHELLS;30501.0;3
17400;;;DJEMBES;SEASHELLS;13493.0;3
17500;;;JAMS;SEASHELLS;6633.0;6
17600;;;PICNIC_BASKET1;SEASHELLS;59221.0;6
17600;;;PICNIC_BASKET2;SEASHELLS;30502.0;6
17800;;;RAINFOREST_RESIN;SEASHELLS;10003.0;8
17800;;;RAINFOREST_RESIN;SEASHELLS;9992.0;2
18000;;;DJEMBES;SEASHELLS;13492.0;3
18000;;;SQUID_INK;SEASHELLS;1965.0;5
18200;;;KELP;SEASHELLS;2033.0;7
18200;;;SQUID_INK;SEASHELLS;1968.0;1
18300;;;CROISSANTS;SEASHELLS;4322.0;5
18400;;;DJEMBES;SEASHELLS;13494.0;1
18700;;;KELP;SEASHELLS;2031.0;5
18700;;;KELP;SEASHELLS;2031.0;3
18700;;;SQUID_INK;SEASHELLS;1966.0;5
18700;;;SQUID_INK;SEASHELLS;1966.0;3
18800;;;JAMS;SEASHELLS;6635.0;6
18800;;;RAINFOREST_RESIN;SEASHELLS;9999.0;1
18900;;;KELP;SEASHELLS;2033.0;2
18900;;;SQUID_INK;SEASHELLS;1967.0;2
19000;;;KELP;SEASHELLS;2030.0;1
19000;;;KELP;SEASHELLS;2031.0;2
19000;;;SQUID_INK;SEASHELLS;1964.0;1
19000;;;SQUID_INK;SEASHELLS;1966.0;2
19700;;;CROISSANTS;SEASHELLS;4322.0;5
19800;;;JAMS;SEASHELLS;6633.0;9
20000;;;CROISSANTS;SEASHELLS;4321.0;6
20000;;;JAMS;SEASHELLS;6632.0;9
20100;;;KELP;SEASHELLS;2033.0;12
20100;;;SQUID_INK;SEASHELLS;1972.0;12
20200;;;JAMS;SEASHELLS;6633.0;9
20500;;;DJEMBES;SEASHELLS;13499.0;3
20600;;;KELP;SEASHELLS;2033.0;1
20600;;;SQUID_INK;SEASHELLS;1973.0;1
20800;;;CROISSANTS;SEASHELLS;4322.0;9
20800;;;KELP;SEASHELLS;2032.0;1
20800;;;RAINFOREST_RESIN;SEASHELLS;9992.0;4
20800;;;SQUID_INK;SEASHELLS;1972.0;1
21000;;;CROISSANTS;SEASHELLS;4322.0;9
21000;;;PICNIC_BASKET1;SEASHELLS;59231.0;10
21000;;;PICNIC_BASKET2;SEASHELLS;30508.0;10
21000;;;RAINFOREST_RESIN;SEASHELLS;9997.0;2
21100;;;DJEMBES;SEASHELLS;13501.0;2
21100;;;KELP;SEASHELLS;2030.0;2
21100;;;RAINFOREST_RESIN;SEASHELLS;10008.0;1
21100;;;SQUID_INK;SEASHELLS;1972.0;2
21300;;;KELP;SEASHELLS;2030.0;1
21300;;;SQUID_INK;SEASHELLS;1975.0;1
21500;;;CROISSANTS;SEASHELLS;4322.0;7
21500;;;PICNIC_BASKET2;SEASHELLS;30510.0;1
21600;;;DJEMBES;SEASHELLS;13500.0;4
21600;;;KELP;SEASHELLS;2030.0;1
21600;;;SQUID_INK;SEASHELLS;1976.0;1
21800;;;KELP;SEASHELLS;2030.0;1
21800;;;PICNIC_BASKET1;SEASHELLS;59235.0;1
21800;;;PICNIC_BASKET1;SEASHELLS;59234.0;4
21800;;;PICNIC_BASKET1;SEASHELLS;59234.0;5
21800;;;PICNIC_BASKET2;SEASHELLS;30507.0;5
21800;;;PICNIC_BASKET2;SEASHELLS;30507.0;5
21900;;;KELP;SEASHELLS;2031.0;1
21900;;;SQUID_INK;SEASHELLS;1977.0;1
22000;;;KELP;SEASHELLS;2031.0;1
22000;;;SQUID_INK;SEASHELLS;1977.0;1
22000;;;SQUID_INK;SEASHELLS;1978.0;2
22100;;;KELP;SEASHELLS;2031.0;1
22100;;;KELP;SEASHELLS;2031.0;1
22100;;;SQUID_INK;SEASHELLS;1976.0;1
22100;;;SQUID_INK;SEASHELLS;1976.0;1
22300;;;RAINFOREST_RESIN;SEASHELLS;9999.0;1
22400;;;JAMS;SEASHELLS;6633.0;6
22500;;;DJEMBES;SEASHELLS;13501.0;3
22500;;;PICNIC_BASKET1;SEASHELLS;59237.0;9
22500;;;PICNIC_BASKET2;SEASHELLS;30508.0;9
22500;;;RAINFOREST_RESIN;SEASHELLS;9998.0;3
22500;;;RAINFOREST_RESIN;SEASHELLS;10003.0;3
22600;;;RAINFOREST_RESIN;SEASHELLS;9992.0;1
22700;;;KELP;SEASHELLS;2034.0;9
22700;;;SQUID_INK;SEASHELLS;1982.0;9
22800;;;RAINFOREST_RESIN;SEASHELLS;10008.0;1
23000;;;RAINFOREST_RESIN;SEASHELLS;10001.0;1
23300;;;SQUID_INK;SEASHELLS;1983.0;2
23400;;;PICNIC_BASKET1;SEASHELLS;59226.0;6
23400;;;PICNIC_BASKET2;SEASHELLS;30501.0;6
23600;;;DJEMBES;SEASHELLS;13500.0;4
23700;;;KELP;SEASHELLS;2034.0;5
23700;;;SQUID_INK;SEASHELLS;1984.0;5
23800;;;DJEMBES;SEASHELLS;13502.0;3
23900;;;KELP;SEASHELLS;2033.0;1
24100;;;CROISSANTS;SEASHELLS;4323.0;7
24100;;;DJEMBES;SEASHELLS;13503.0;2
24200;;;RAINFOREST_RESIN;SEASHELLS;9992.0;2
24200;;;SQUID_INK;SEASHELLS;1986.0;1
24200;;;SQUID_INK;SEASHELLS;1984.0;14
24300;;;CROISSANTS;SEASHELLS;4322.0;10
24500;;;KELP;SEASHELLS;2030.0;1
24500;;;SQUID_INK;SEASHELLS;1984.0;1
24700;;;KELP;SEASHELLS;2034.0;1
24700;;;RAINFOREST_RESIN;SEASHELLS;9992.0;8
24700;;;SQUID_INK;SEASHELLS;1985.0;1
24800;;;RAINFOREST_RESIN;SEASHELLS;9992.0;6
25100;;;KELP;SEASHELLS;2034.0;2
25100;;;SQUID_INK;SEASHELLS;1984.0;2
25200;;;KELP;SEASHELLS;2031.0;1
25300;;;CROISSANTS;SEASHELLS;4323.0;8
25300;;;KELP;SEASHELLS;2031.0;1
25300;;;SQUID_INK;SEASHELLS;1978.0;1
25400;;;JAMS;SEASHELLS;6635.0;7
25400;;;KELP;SEASHELLS;2034.0;1
25400;;;SQUID_INK;SEASHELLS;1981.0;1
25600;;;JAMS;SEASHELLS;6635.0;9
25700;;;JAMS;SEASHELLS;6635.0;5
25700;;;PICNIC_BASKET1;SEASHELLS;59230.0;1
25800;;;RAINFOREST_RESIN;SEASHELLS;9992.0;5
25900;;;RAINFOREST_RESIN;SEASHELLS;10008.0;1
25900;;;RAINFOREST_RESIN;SEASHELLS;10001.0;1
26000;;;CROISSANTS;SEASHELLS;4321.0;6
26000;;;RAINFOREST_RESIN;SEASHELLS;9992.0;6
26000;;;RAINFOREST_RESIN;SEASHELLS;10008.0;2
26100;;;RAINFOREST_RESIN;SEASHELLS;9992.0;4
26400;;;JAMS;SEASHELLS;6634.0;8
26400;;;KELP;SEASHELLS;2031.0;1
26400;;;SQUID_INK;SEASHELLS;1974.0;1
26500;;;KELP;SEASHELLS;2034.0;2
26500;;;KELP;SEASHELLS;2033.0;1
26500;;;SQUID_INK;SEASHELLS;1982.0;2
26500;;;SQUID_INK;SEASHELLS;1981.0;1
26700;;;KELP;SEASHELLS;2033.0;2
26700;;;SQUID_INK;SEASHELLS;1976.0;2
27100;;;JAMS;SEASHELLS;6633.0;8
27200;;;RAINFOREST_RESIN;SEASHELLS;10008.0;6
27300;;;RAINFOREST_RESIN;SEASHELLS;10008.0;2
27400;;;KELP;SEASHELLS;2031.0;2
27400;;;KELP;SEASHELLS;2031.0;3
27400;;;SQUID_INK;SEASHELLS;1969.0;2
27700;;;KELP;SEASHELLS;2033.0;3
27700;;;PICNIC_BASKET1;SEASHELLS;59201.0;2
27700;;;PICNIC_BASKET1;SEASHELLS;59201.0;4
27700;;;PICNIC_BASKET2;SEASHELLS;30509.0;2
27700;;;PICNIC_BASKET2;SEASHELLS;30508.0;4
27700;;;SQUID_INK;SEASHELLS;1970.0;3
27900;;;RAINFOREST_RESIN;SEASHELLS;9992.0;5
28000;;;CROISSANTS;SEASHELLS;4323.0;8
28000;;;KELP;SEASHELLS;2034.0;1
28000;;;RAINFOREST_RESIN;SEASHELLS;10003.0;2
28000;;;SQUID_INK;SEASHELLS;1974.0;1
28100;;;KELP;SEASHELLS;2031.0;1
28100;;;KELP;SEASHELLS;2031.0;2
28100;;;KELP;SEASHELLS;2031.0;1
28100;;;SQUID_INK;SEASHELLS;1971.0;1
28100;;;SQUID_INK;SEASHELLS;1972.0;3
28500;;;CROISSANTS;SEASHELLS;4323.0;8
28600;;;DJEMBES;SEASHELLS;13502.0;2
28600;;;KELP;SEASHELLS;2031.0;1
28600;;;SQUID_INK;SEASHELLS;1971.0;1
29000;;;KELP;SEASHELLS;2034.0;1
29000;;;RAINFOREST_RESIN;SEASHELLS;10008.0;5
29000;;;SQUID_INK;SEASHELLS;1973.0;1
29100;;;JAMS;SEASHELLS;6633.0;9
29200;;;RAINFOREST_RESIN;SEASHELLS;9992.0;6
29200;;;RAINFOREST_RESIN;SEASHELLS;9999.0;1
29200;;;SQUID_INK;SEASHELLS;1971.0;2
29300;;;CROISSANTS;SEASHELLS;4323.0;8
29300;;;KELP;SEASHELLS;2031.0;1
29300;;;PICNIC_BASKET2;SEASHELLS;30517.0;7
29300;;;SQUID_INK;SEASHELLS;1972.0;1
29500;;;RAINFOREST_RESIN;SEASHELLS;10003.0;2
29700;;;JAMS;SEASHELLS;6633.0;7
29800;;;JAMS;SEASHELLS;6631.0;10
29900;;;KELP;SEASHELLS;2031.0;6
29900;;;PICNIC_BASKET1;SEASHELLS;59220.0;1
29900;;;PICNIC_BASKET2;SEASHELLS;30513.0;1
30000;;;JAMS;SEASHELLS;6632.0;6
30000;;;KELP;SEASHELLS;2032.0;1
30000;;;SQUID_INK;SEASHELLS;1969.0;1
30100;;;KELP;SEASHELLS;2032.0;5
30100;;;PICNIC_BASKET1;SEASHELLS;59225.0;6
30100;;;PICNIC_BASKET2;SEASHELLS;30513.0;6
30100;;;SQUID_INK;SEASHELLS;1970.0;5
30200;;;DJEMBES;SEASHELLS;13506.0;2
30200;;;JAMS;SEASHELLS;6633.0;6
30400;;;CROISSANTS;SEASHELLS;4321.0;6
30400;;;JAMS;SEASHELLS;6631.0;5
30500;;;JAMS;SEASHELLS;6631.0;4
30500;;;PICNIC_BASKET1;SEASHELLS;59229.0;1
30500;;;PICNIC_BASKET2;SEASHELLS;30513.0;1
30700;;;KELP;SEASHELLS;2030.0;1
30700;;;SQUID_INK;SEASHELLS;1960.0;1
31000;;;RAINFOREST_RESIN;SEASHELLS;10002.0;4
31100;;;PICNIC_BASKET1;SEASHELLS;59220.0;1
31100;;;PICNIC_BASKET2;SEASHELLS;30510.0;10
31200;;;KELP;SEASHELLS;2030.0;1
31200;;;SQUID_INK;SEASHELLS;1963.0;1
31500;;;KELP;SEASHELLS;2030.0;1
31500;;;RAINFOREST_RESIN;SEASHELLS;10008.0;7
31500;;;RAINFOREST_RESIN;SEASHELLS;10001.0;1
31500;;;SQUID_INK;SEASHELLS;1964.0;1
31600;;;CROISSANTS;SEASHELLS;4323.0;7
31700;;;KELP;SEASHELLS;2033.0;1
31700;;;SQUID_INK;SEASHELLS;1966.0;1
31800;;;DJEMBES;SEASHELLS;13503.0;4
31800;;;PICNIC_BASKET1;SEASHELLS;59220.0;4
31800;;;PICNIC_BASKET2;SEASHELLS;30522.0;4
32000;;;DJEMBES;SEASHELLS;13501.0;5
32200;;;CROISSANTS;SEASHELLS;4322.0;8
32200;;;KELP;SEASHELLS;2032.0;1
32200;;;SQUID_INK;SEASHELLS;1963.0;1
32500;;;DJEMBES;SEASHELLS;13503.0;5
32800;;;KELP;SEASHELLS;2030.0;5
32800;;;SQUID_INK;SEASHELLS;1957.0;5
33000;;;RAINFOREST_RESIN;SEASHELLS;10002.0;4
33400;;;CROISSANTS;SEASHELLS;4321.0;8
33500;;;RAINFOREST_RESIN;SEASHELLS;10002.0;5
33600;;;KELP;SEASHELLS;2030.0;1
33600;;;SQUID_INK;SEASHELLS;1955.0;1
33700;;;DJEMBES;SEASHELLS;13500.0;3
33700;;;JAMS;SEASHELLS;6629.0;6
33800;;;JAMS;SEASHELLS;6627.0;6
33800;;;RAINFOREST_RESIN;SEASHELLS;9998.0;4
33900;;;JAMS;SEASHELLS;6626.0;5
33900;;;KELP;SEASHELLS;2033.0;2
33900;;;SQUID_INK;SEASHELLS;1959.0;2
34000;;;DJEMBES;SEASHELLS;13500.0;1
34200;;;KELP;SEASHELLS;2030.0;1
34200;;;KELP;SEASHELLS;2030.0;1
34200;;;SQUID_INK;SEASHELLS;1957.0;1
34200;;;SQUID_INK;SEASHELLS;1957.0;1
34300;;;KELP;SEASHELLS;2030.0;1
34300;;;KELP;SEASHELLS;2030.0;1
34300;;;KELP;SEASHELLS;2030.0;9
34300;;;SQUID_INK;SEASHELLS;1957.0;1
34300;;;SQUID_INK;SEASHELLS;1957.0;10
34400;;;KELP;SEASHELLS;2030.0;1
34400;;;SQUID_INK;SEASHELLS;1957.0;1
34500;;;JAMS;SEASHELLS;6626.0;9
34500;;;RAINFOREST_RESIN;SEASHELLS;10001.0;1
34700;;;DJEMBES;SEASHELLS;13497.0;3
34700;;;PICNIC_BASKET1;SEASHELLS;59214.0;7
34700;;;PICNIC_BASKET2;SEASHELLS;30510.0;7
34900;;;SQUID_INK;SEASHELLS;1959.0;1
35100;;;DJEMBES;SEASHELLS;13498.0;3
35200;;;JAMS;SEASHELLS;6628.0;6
35200;;;KELP;SEASHELLS;2030.0;1
35200;;;SQUID_INK;SEASHELLS;1958.0;1
35300;;;RAINFOREST_RESIN;SEASHELLS;10002.0;1
35300;;;RAINFOREST_RESIN;SEASHELLS;10002.0;2
35400;;;DJEMBES;SEASHELLS;13498.0;2
35400;;;JAMS;SEASHELLS;6629.0;4
35500;;;JAMS;SEASHELLS;6627.0;6
35500;;;KELP;SEASHELLS;2030.0;1
35600;;;JAMS;SEASHELLS;6627.0;11
35600;;;KELP;SEASHELLS;2030.0;1
35600;;;SQUID_INK;SEASHELLS;1957.0;1
35900;;;KELP;SEASHELLS;2032.0;1
35900;;;SQUID_INK;SEASHELLS;1960.0;1
36000;;;JAMS;SEASHELLS;6630.0;7
36100;;;CROISSANTS;SEASHELLS;4323.0;5
36300;;;KELP;SEASHELLS;2030.0;1
36400;;;RAINFOREST_RESIN;SEASHELLS;10008.0;6
36500;;;RAINFOREST_RESIN;SEASHELLS;10008.0;6
36700;;;CROISSANTS;SEASHELLS;4321.0;8
36700;;;KELP;SEASHELLS;2030.0;1
36700;;;KELP;SEASHELLS;2030.0;1
36700;;;SQUID_INK;SEASHELLS;1957.0;1
36800;;;SQUID_INK;SEASHELLS;1961.0;3
36900;;;CROISSANTS;SEASHELLS;4321.0;9
36900;;;JAMS;SEASHELLS;6633.0;8
36900;;;PICNIC_BASKET1;SEASHELLS;59241.0;2
36900;;;PICNIC_BASKET2;SEASHELLS;30519.0;2
37000;;;JAMS;SEASHELLS;6633.0;6
37100;;;KELP;SEASHELLS;2032.0;1
37100;;;SQUID_INK;SEASHELLS;1963.0;1
37300;;;RAINFOREST_RESIN;SEASHELLS;10003.0;7
37300;;;RAINFOREST_RESIN;SEASHELLS;10003.0;5
37400;;;KELP;SEASHELLS;2029.0;9
37400;;;SQUID_INK;SEASHELLS;1958.0;9
37500;;;RAINFOREST_RESIN;SEASHELLS;10008.0;6
37700;;;KELP;SEASHELLS;2032.0;1
37700;;;SQUID_INK;SEASHELLS;1959.0;1
37900;;;KELP;SEASHELLS;2032.0;1
37900;;;KELP;SEASHELLS;2030.0;9
37900;;;SQUID_INK;SEASHELLS;1959.0;1
37900;;;SQUID_INK;SEASHELLS;1957.0;9
38100;;;KELP;SEASHELLS;2030.0;1
38100;;;PICNIC_BASKET2;SEASHELLS;30517.0;1
38100;;;RAINFOREST_RESIN;SEASHELLS;10008.0;5
38100;;;SQUID_INK;SEASHELLS;1955.0;1
38200;;;RAINFOREST_RESIN;SEASHELLS;9997.0;7
38300;;;CROISSANTS;SEASHELLS;4323.0;8
38400;;;KELP;SEASHELLS;2030.0;1
38400;;;RAINFOREST_RESIN;SEASHELLS;9998.0;4
38400;;;SQUID_INK;SEASHELLS;1957.0;1
38500;;;JAMS;SEASHELLS;6632.0;4
38500;;;KELP;SEASHELLS;2032.0;1
38500;;;SQUID_INK;SEASHELLS;1958.0;1
38800;;;KELP;SEASHELLS;2032.0;4
38800;;;RAINFOREST_RESIN;SEASHELLS;9999.0;1
39100;;;RAINFOREST_RESIN;SEASHELLS;9992.0;2
39300;;;RAINFOREST_RESIN;SEASHELLS;9992.0;10
39400;;;KELP;SEASHELLS;2032.0;1
39400;;;SQUID_INK;SEASHELLS;1961.0;1
39600;;;KELP;SEASHELLS;2029.0;9
39600;;;PICNIC_BASKET1;SEASHELLS;59235.0;4
39600;;;PICNIC_BASKET2;SEASHELLS;30516.0;4
39600;;;SQUID_INK;SEASHELLS;1957.0;9
39700;;;KELP;SEASHELLS;2033.0;1
39700;;;RAINFOREST_RESIN;SEASHELLS;10001.0;1
39700;;;SQUID_INK;SEASHELLS;1961.0;1
39900;;;CROISSANTS;SEASHELLS;4323.0;5
39900;;;DJEMBES;SEASHELLS;13490.0;6
40000;;;PICNIC_BASKET1;SEASHELLS;59247.0;1
40000;;;PICNIC_BASKET1;SEASHELLS;59247.0;1
40000;;;PICNIC_BASKET2;SEASHELLS;30522.0;2
40000;;;RAINFOREST_RESIN;SEASHELLS;9997.0;2
40100;;;PICNIC_BASKET1;SEASHELLS;59241.0;8
40100;;;PICNIC_BASKET2;SEASHELLS;30524.0;8
40100;;;RAINFOREST_RESIN;SEASHELLS;9999.0;1
40200;;;JAMS;SEASHELLS;6633.0;11
40300;;;KELP;SEASHELLS;2029.0;2
40300;;;KELP;SEASHELLS;2029.0;2
40400;;;JAMS;SEASHELLS;6634.0;4
40400;;;RAINFOREST_RESIN;SEASHELLS;10008.0;5
40500;;;DJEMBES;SEASHELLS;13491.0;5
40500;;;RAINFOREST_RESIN;SEASHELLS;10001.0;1
40600;;;DJEMBES;SEASHELLS;13491.0;4
40700;;;DJEMBES;SEASHELLS;13489.0;8
40700;;;DJEMBES;SEASHELLS;13490.0;4
40700;;;PICNIC_BASKET1;SEASHELLS;59240.0;2
40700;;;PICNIC_BASKET2;SEASHELLS;30519.0;6
40800;;;KELP;SEASHELLS;2032.0;9
40800;;;SQUID_INK;SEASHELLS;1950.0;9
40900;;;CROISSANTS;SEASHELLS;4323.0;5
41000;;;JAMS;SEASHELLS;6634.0;5
41000;;;RAINFOREST_RESIN;SEASHELLS;9997.0;7
41000;;;RAINFOREST_RESIN;SEASHELLS;9997.0;3
41200;;;KELP;SEASHELLS;2031.0;3
41300;;;RAINFOREST_RESIN;SEASHELLS;10008.0;1
41400;;;KELP;SEASHELLS;2029.0;1
41400;;;SQUID_INK;SEASHELLS;1938.0;1
41500;;;KELP;SEASHELLS;2030.0;2
41500;;;PICNIC_BASKET1;SEASHELLS;59238.0;6
41500;;;PICNIC_BASKET2;SEASHELLS;30522.0;6
41500;;;SQUID_INK;SEASHELLS;1942.0;2
41600;;;JAMS;SEASHELLS;6633.0;8
41800;;;JAMS;SEASHELLS;6631.0;7
41900;;;KELP;SEASHELLS;2029.0;2
41900;;;SQUID_INK;SEASHELLS;1944.0;2
42200;;;DJEMBES;SEASHELLS;13489.0;5
42200;;;KELP;SEASHELLS;2029.0;2
42200;;;RAINFOREST_RESIN;SEASHELLS;10008.0;4
42200;;;SQUID_INK;SEASHELLS;1949.0;2
42300;;;KELP;SEASHELLS;2030.0;1
42300;;;KELP;SEASHELLS;2030.0;6
42300;;;KELP;SEASHELLS;2032.0;1
42300;;;KELP;SEASHELLS;2030.0;1
42300;;;SQUID_INK;SEASHELLS;1947.0;1
42300;;;SQUID_INK;SEASHELLS;1946.0;4
42300;;;SQUID_INK;SEASHELLS;1946.0;2
42300;;;SQUID_INK;SEASHELLS;1948.0;1
42500;;;KELP;SEASHELLS;2028.0;1
42500;;;SQUID_INK;SEASHELLS;1946.0;1
42700;;;KELP;SEASHELLS;2028.0;1
42700;;;SQUID_INK;SEASHELLS;1949.0;1
43200;;;KELP;SEASHELLS;2029.0;2
43200;;;SQUID_INK;SEASHELLS;1949.0;2
43300;;;RAINFOREST_RESIN;SEASHELLS;10001.0;1
43400;;;SQUID_INK;SEASHELLS;1947.0;1
43500;;;RAINFOREST_RESIN;SEASHELLS;10008.0;7
43600;;;RAINFOREST_RESIN;SEASHELLS;10008.0;6
43900;;;RAINFOREST_RESIN;SEASHELLS;10002.0;5
44100;;;KELP;SEASHELLS;2028.0;1
44100;;;KELP;SEASHELLS;2028.0;2
44100;;;SQUID_INK;SEASHELLS;1948.0;1
44100;;;SQUID_INK;SEASHELLS;1948.0;2
44200;;;JAMS;SEASHELLS;6631.0;9
44300;;;DJEMBES;SEASHELLS;13491.0;3
44400;;;CROISSANTS;SEASHELLS;4324.0;7
44500;;;KELP;SEASHELLS;2028.0;1
44500;;;SQUID_INK;SEASHELLS;1947.0;1
44600;;;CROISSANTS;SEASHELLS;4322.0;6
44700;;;KELP;SEASHELLS;2028.0;1
44700;;;SQUID_INK;SEASHELLS;1948.0;1
44900;;;CROISSANTS;SEASHELLS;4324.0;7
45000;;;PICNIC_BASKET1;SEASHELLS;59202.0;2
45000;;;PICNIC_BASKET2;SEASHELLS;30515.0;2
45100;;;KELP;SEASHELLS;2029.0;7
45100;;;SQUID_INK;SEASHELLS;1947.0;7
45300;;;JAMS;SEASHELLS;6631.0;8
45300;;;KELP;SEASHELLS;2029.0;1
45300;;;KELP;SEASHELLS;2032.0;15
45300;;;SQUID_INK;SEASHELLS;1947.0;1
45300;;;SQUID_INK;SEASHELLS;1950.0;15
45600;;;KELP;SEASHELLS;2031.0;1
45600;;;SQUID_INK;SEASHELLS;1949.0;1
45700;;;RAINFOREST_RESIN;SEASHELLS;10008.0;8
45700;;;RAINFOREST_RESIN;SEASHELLS;10001.0;1
46100;;;CROISSANTS;SEASHELLS;4324.0;8
46100;;;KELP;SEASHELLS;2029.0;1
46200;;;DJEMBES;SEASHELLS;13483.0;5
46200;;;JAMS;SEASHELLS;6631.0;9
46200;;;JAMS;SEASHELLS;6631.0;4
46200;;;PICNIC_BASKET1;SEASHELLS;59218.0;5
46200;;;PICNIC_BASKET2;SEASHELLS;30515.0;5
46300;;;KELP;SEASHELLS;2031.0;1
46300;;;PICNIC_BASKET1;SEASHELLS;59225.0;1
46300;;;SQUID_INK;SEASHELLS;1948.0;1
46400;;;SQUID_INK;SEASHELLS;1948.0;10
46500;;;CROISSANTS;SEASHELLS;4325.0;6
46500;;;KELP;SEASHELLS;2030.0;1
46500;;;SQUID_INK;SEASHELLS;1946.0;1
46600;;;RAINFOREST_RESIN;SEASHELLS;9999.0;1
46800;;;KELP;SEASHELLS;2030.0;5
46800;;;SQUID_INK;SEASHELLS;1948.0;5
46900;;;KELP;SEASHELLS;2032.0;1
46900;;;RAINFOREST_RESIN;SEASHELLS;9992.0;7
46900;;;SQUID_INK;SEASHELLS;1949.0;1
47000;;;DJEMBES;SEASHELLS;13484.0;9
47000;;;KELP;SEASHELLS;2029.0;2
47000;;;SQUID_INK;SEASHELLS;1948.0;2
47100;;;RAINFOREST_RESIN;SEASHELLS;10002.0;3
47100;;;SQUID_INK;SEASHELLS;1947.0;1
47200;;;KELP;SEASHELLS;2032.0;1
47200;;;SQUID_INK;SEASHELLS;1949.0;1
47200;;;SQUID_INK;SEASHELLS;1949.0;3
47200;;;SQUID_INK;SEASHELLS;1949.0;1
47300;;;CROISSANTS;SEASHELLS;4325.0;10
47400;;;DJEMBES;SEASHELLS;13486.0;2
47600;;;KELP;SEASHELLS;2030.0;2
47600;;;SQUID_INK;SEASHELLS;1945.0;2
47900;;;CROISSANTS;SEASHELLS;4324.0;7
47900;;;RAINFOREST_RESIN;SEASHELLS;9992.0;6
48100;;;CROISSANTS;SEASHELLS;4324.0;6
48100;;;PICNIC_BASKET2;SEASHELLS;30509.0;2
48300;;;KELP;SEASHELLS;2031.0;1
48300;;;SQUID_INK;SEASHELLS;1950.0;1
48400;;;KELP;SEASHELLS;2032.0;5
48400;;;PICNIC_BASKET1;SEASHELLS;59218.0;10
48400;;;PICNIC_BASKET2;SEASHELLS;30502.0;10
48400;;;RAINFOREST_RESIN;SEASHELLS;9999.0;1
48400;;;SQUID_INK;SEASHELLS;1953.0;5
48500;;;JAMS;SEASHELLS;6631.0;9
48500;;;RAINFOREST_RESIN;SEASHELLS;9998.0;3
48600;;;RAINFOREST_RESIN;SEASHELLS;9992.0;1
48700;;;JAMS;SEASHELLS;6633.0;6
48700;;;RAINFOREST_RESIN;SEASHELLS;10008.0;2
48700;;;RAINFOREST_RESIN;SEASHELLS;10002.0;5
48900;;;CROISSANTS;SEASHELLS;4324.0;8
48900;;;KELP;SEASHELLS;2029.0;1
48900;;;SQUID_INK;SEASHELLS;1952.0;1
49000;;;DJEMBES;SEASHELLS;13481.0;5
49000;;;RAINFOREST_RESIN;SEASHELLS;9998.0;5
49100;;;DJEMBES;SEASHELLS;13480.0;4
49100;;;KELP;SEASHELLS;2029.0;2
49100;;;RAINFOREST_RESIN;SEASHELLS;9992.0;6
49100;;;SQUID_INK;SEASHELLS;1951.0;2
49300;;;KELP;SEASHELLS;2031.0;1
49500;;;JAMS;SEASHELLS;6631.0;8
49800;;;JAMS;SEASHELLS;6634.0;4
49900;;;CROISSANTS;SEASHELLS;4325.0;7
49900;;;RAINFOREST_RESIN;SEASHELLS;9998.0;1
50000;;;CROISSANTS;SEASHELLS;4325.0;4
50100;;;KELP;SEASHELLS;2032.0;8
50100;;;KELP;SEASHELLS;2032.0;2
50100;;;SQUID_INK;SEASHELLS;1956.0;8
50100;;;SQUID_INK;SEASHELLS;1956.0;2
50200;;;JAMS;SEASHELLS;6633.0;10
50300;;;DJEMBES;SEASHELLS;13479.0;7
50600;;;KELP;SEASHELLS;2031.0;1
50600;;;SQUID_INK;SEASHELLS;1954.0;1
51300;;;KELP;SEASHELLS;2029.0;9
51300;;;SQUID_INK;SEASHELLS;1948.0;9
51600;;;KELP;SEASHELLS;2029.0;13
51600;;;SQUID_INK;SEASHELLS;1949.0;13
51700;;;RAINFOREST_RESIN;SEASHELLS;9999.0;1
51800;;;CROISSANTS;SEASHELLS;4325.0;7
52000;;;KELP;SEASHELLS;2029.0;3
52000;;;KELP;SEASHELLS;2029.0;7
52000;;;SQUID_INK;SEASHELLS;1951.0;3
52000;;;SQUID_INK;SEASHELLS;1951.0;1
52000;;;SQUID_INK;SEASHELLS;1951.0;6
52200;;;RAINFOREST_RESIN;SEASHELLS;10008.0;2
52300;;;JAMS;SEASHELLS;6635.0;6
52300;;;KELP;SEASHELLS;2031.0;5
52300;;;KELP;SEASHELLS;2031.0;1
52300;;;KELP;SEASHELLS;2029.0;2
52300;;;SQUID_INK;SEASHELLS;1949.0;1
52300;;;SQUID_INK;SEASHELLS;1948.0;5
52600;;;KELP;SEASHELLS;2029.0;15
52600;;;SQUID_INK;SEASHELLS;1948.0;15
52700;;;KELP;SEASHELLS;2029.0;2
52700;;;RAINFOREST_RESIN;SEASHELLS;10008.0;2
52700;;;SQUID_INK;SEASHELLS;1947.0;2
52900;;;CROISSANTS;SEASHELLS;4325.0;7
53200;;;KELP;SEASHELLS;2033.0;12
53200;;;SQUID_INK;SEASHELLS;1952.0;12
53300;;;DJEMBES;SEASHELLS;13481.0;1
53400;;;KELP;SEASHELLS;2030.0;1
53400;;;SQUID_INK;SEASHELLS;1951.0;1
53500;;;KELP;SEASHELLS;2029.0;8
53500;;;SQUID_INK;SEASHELLS;1950.0;8
53600;;;KELP;SEASHELLS;2029.0;1
53600;;;SQUID_INK;SEASHELLS;1950.0;1
53700;;;RAINFOREST_RESIN;SEASHELLS;10008.0;7
53900;;;KELP;SEASHELLS;2031.0;1
53900;;;KELP;SEASHELLS;2029.0;5
53900;;;SQUID_INK;SEASHELLS;1952.0;1
53900;;;SQUID_INK;SEASHELLS;1949.0;5
54100;;;RAINFOREST_RESIN;SEASHELLS;10008.0;5
54200;;;DJEMBES;SEASHELLS;13479.0;4
54200;;;PICNIC_BASKET1;SEASHELLS;59251.0;1
54200;;;PICNIC_BASKET1;SEASHELLS;59250.0;5
54200;;;PICNIC_BASKET2;SEASHELLS;30503.0;6
54400;;;KELP;SEASHELLS;2029.0;1
54400;;;SQUID_INK;SEASHELLS;1951.0;1
54500;;;RAINFOREST_RESIN;SEASHELLS;10002.0;3
54500;;;SQUID_INK;SEASHELLS;1950.0;1
54700;;;RAINFOREST_RESIN;SEASHELLS;10008.0;7
54800;;;DJEMBES;SEASHELLS;13479.0;2
54900;;;RAINFOREST_RESIN;SEASHELLS;9992.0;8
55000;;;JAMS;SEASHELLS;6635.0;5
55000;;;KELP;SEASHELLS;2029.0;3
55000;;;KELP;SEASHELLS;2029.0;1
55000;;;KELP;SEASHELLS;2029.0;8
55000;;;KELP;SEASHELLS;2032.0;1
55000;;;RAINFOREST_RESIN;SEASHELLS;9992.0;2
55000;;;SQUID_INK;SEASHELLS;1949.0;3
55000;;;SQUID_INK;SEASHELLS;1949.0;1
55000;;;SQUID_INK;SEASHELLS;1949.0;1
55100;;;RAINFOREST_RESIN;SEASHELLS;10003.0;2
55200;;;CROISSANTS;SEASHELLS;4326.0;8
55300;;;RAINFOREST_RESIN;SEASHELLS;9998.0;4
55700;;;DJEMBES;SEASHELLS;13479.0;3
56000;;;CROISSANTS;SEASHELLS;4323.0;8
56300;;;RAINFOREST_RESIN;SEASHELLS;10001.0;1
56400;;;PICNIC_BASKET1;SEASHELLS;59237.0;8
56400;;;PICNIC_BASKET2;SEASHELLS;30483.0;8
56700;;;KELP;SEASHELLS;2029.0;1
56700;;;SQUID_INK;SEASHELLS;1947.0;1
56800;;;KELP;SEASHELLS;2029.0;1
56800;;;SQUID_INK;SEASHELLS;1946.0;1
57000;;;KELP;SEASHELLS;2029.0;13
57000;;;KELP;SEASHELLS;2029.0;2
57000;;;SQUID_INK;SEASHELLS;1946.0;13
57000;;;SQUID_INK;SEASHELLS;1946.0;2
57300;;;JAMS;SEASHELLS;6631.0;8
57300;;;RAINFOREST_RESIN;SEASHELLS;10002.0;4
57400;;;KELP;SEASHELLS;2029.0;1
57400;;;SQUID_INK;SEASHELLS;1942.0;1
57500;;;PICNIC_BASKET1;SEASHELLS;59244.0;4
57500;;;PICNIC_BASKET1;SEASHELLS;59240.0;1
57500;;;PICNIC_BASKET1;SEASHELLS;59239.0;2
57500;;;PICNIC_BASKET2;SEASHELLS;30482.0;4
57500;;;PICNIC_BASKET2;SEASHELLS;30480.0;3
57600;;;PICNIC_BASKET2;SEASHELLS;30478.0;6
57800;;;DJEMBES;SEASHELLS;13478.0;1
57900;;;CROISSANTS;SEASHELLS;4324.0;7
57900;;;DJEMBES;SEASHELLS;13478.0;5
58000;;;DJEMBES;SEASHELLS;13478.0;5
58000;;;KELP;SEASHELLS;2032.0;1
58000;;;SQUID_INK;SEASHELLS;1948.0;1
58100;;;KELP;SEASHELLS;2030.0;1
58100;;;PICNIC_BASKET1;SEASHELLS;59233.0;1
58100;;;PICNIC_BASKET2;SEASHELLS;30473.0;7
58100;;;RAINFOREST_RESIN;SEASHELLS;9999.0;1
58100;;;SQUID_INK;SEASHELLS;1946.0;1
58200;;;DJEMBES;SEASHELLS;13478.0;5
58400;;;KELP;SEASHELLS;2030.0;4
58400;;;RAINFOREST_RESIN;SEASHELLS;9998.0;5
58500;;;CROISSANTS;SEASHELLS;4324.0;6
58600;;;JAMS;SEASHELLS;6631.0;9
58800;;;JAMS;SEASHELLS;6631.0;4
58800;;;RAINFOREST_RESIN;SEASHELLS;10008.0;9
58900;;;PICNIC_BASKET1;SEASHELLS;59252.0;5
58900;;;PICNIC_BASKET2;SEASHELLS;30483.0;5
59000;;;RAINFOREST_RESIN;SEASHELLS;9997.0;9
59100;;;CROISSANTS;SEASHELLS;4324.0;5
59300;;;DJEMBES;SEASHELLS;13483.0;3
59300;;;RAINFOREST_RESIN;SEASHELLS;9997.0;12
59400;;;RAINFOREST_RESIN;SEASHELLS;9992.0;2
59600;;;JAMS;SEASHELLS;6630.0;10
59800;;;JAMS;SEASHELLS;6631.0;10
59800;;;KELP;SEASHELLS;2030.0;5
59800;;;SQUID_INK;SEASHELLS;1949.0;5
59900;;;KELP;SEASHELLS;2032.0;2
59900;;;SQUID_INK;SEASHELLS;1949.0;2
60100;;;KELP;SEASHELLS;2029.0;9
60100;;;SQUID_INK;SEASHELLS;1946.0;9
60500;;;KELP;SEASHELLS;2029.0;15
60500;;;KELP;SEASHELLS;2029.0;1
60500;;;SQUID_INK;SEASHELLS;1944.0;15
60500;;;SQUID_INK;SEASHELLS;1944.0;1
60700;;;JAMS;SEASHELLS;6629.0;4
60800;;;RAINFOREST_RESIN;SEASHELLS;9998.0;3
60800;;;RAINFOREST_RESIN;SEASHELLS;9999.0;1
60800;;;RAINFOREST_RESIN;SEASHELLS;10008.0;1
61000;;;KELP;SEASHELLS;2029.0;8
61000;;;KELP;SEASHELLS;2032.0;1
61000;;;RAINFOREST_RESIN;SEASHELLS;9992.0;10
61000;;;SQUID_INK;SEASHELLS;1944.0;8
61000;;;SQUID_INK;SEASHELLS;1947.0;1
61100;;;KELP;SEASHELLS;2032.0;9
61100;;;SQUID_INK;SEASHELLS;1947.0;9
61400;;;PICNIC_BASKET1;SEASHELLS;59260.0;2
61400;;;PICNIC_BASKET2;SEASHELLS;30467.0;5
61500;;;CROISSANTS;SEASHELLS;4324.0;8
61500;;;RAINFOREST_RESIN;SEASHELLS;10003.0;6
61600;;;JAMS;SEASHELLS;6630.0;6
61800;;;RAINFOREST_RESIN;SEASHELLS;9997.0;1
61900;;;RAINFOREST_RESIN;SEASHELLS;10008.0;2
62200;;;KELP;SEASHELLS;2029.0;1
62200;;;SQUID_INK;SEASHELLS;1946.0;1
62400;;;PICNIC_BASKET1;SEASHELLS;59286.0;9
62400;;;PICNIC_BASKET2;SEASHELLS;30474.0;9
62400;;;RAINFOREST_RESIN;SEASHELLS;9998.0;3
62500;;;RAINFOREST_RESIN;SEASHELLS;9992.0;1
62600;;;CROISSANTS;SEASHELLS;4323.0;9
62600;;;DJEMBES;SEASHELLS;13486.0;5
62700;;;RAINFOREST_RESIN;SEASHELLS;10008.0;8
62800;;;DJEMBES;SEASHELLS;13485.0;4
62800;;;JAMS;SEASHELLS;6631.0;4
62900;;;KELP;SEASHELLS;2031.0;1
62900;;;SQUID_INK;SEASHELLS;1948.0;1
63000;;;KELP;SEASHELLS;2029.0;5
63000;;;RAINFOREST_RESIN;SEASHELLS;10008.0;1
63200;;;RAINFOREST_RESIN;SEASHELLS;10001.0;1
63500;;;JAMS;SEASHELLS;6631.0;4
63700;;;KELP;SEASHELLS;2029.0;1
63700;;;SQUID_INK;SEASHELLS;1947.0;1
63800;;;PICNIC_BASKET1;SEASHELLS;59272.0;2
63800;;;PICNIC_BASKET2;SEASHELLS;30478.0;6
63800;;;SQUID_INK;SEASHELLS;1946.0;1
63900;;;KELP;SEASHELLS;2029.0;1
63900;;;SQUID_INK;SEASHELLS;1946.0;1
64100;;;CROISSANTS;SEASHELLS;4324.0;8
64100;;;RAINFOREST_RESIN;SEASHELLS;9999.0;1
64400;;;KELP;SEASHELLS;2029.0;1
64400;;;RAINFOREST_RESIN;SEASHELLS;10008.0;6
64400;;;SQUID_INK;SEASHELLS;1945.0;1
64500;;;DJEMBES;SEASHELLS;13478.0;2
64600;;;JAMS;SEASHELLS;6632.0;10
64600;;;KELP;SEASHELLS;2029.0;1
64600;;;SQUID_INK;SEASHELLS;1946.0;1
64900;;;KELP;SEASHELLS;2029.0;1
64900;;;RAINFOREST_RESIN;SEASHELLS;10001.0;1
64900;;;SQUID_INK;SEASHELLS;1945.0;1
65100;;;KELP;SEASHELLS;2031.0;1
65100;;;SQUID_INK;SEASHELLS;1947.0;1
65200;;;CROISSANTS;SEASHELLS;4322.0;7
65300;;;RAINFOREST_RESIN;SEASHELLS;9999.0;1
65300;;;SQUID_INK;SEASHELLS;1951.0;5
65300;;;SQUID_INK;SEASHELLS;1951.0;1
65400;;;DJEMBES;SEASHELLS;13479.0;5
65500;;;CROISSANTS;SEASHELLS;4323.0;5
65800;;;RAINFOREST_RESIN;SEASHELLS;9992.0;6
65900;;;CROISSANTS;SEASHELLS;4322.0;4
66000;;;KELP;SEASHELLS;2030.0;2
66000;;;SQUID_INK;SEASHELLS;1954.0;2
66100;;;JAMS;SEASHELLS;6632.0;7
66100;;;KELP;SEASHELLS;2033.0;8
66100;;;SQUID_INK;SEASHELLS;1957.0;8
66500;;;CROISSANTS;SEASHELLS;4323.0;7
66500;;;KELP;SEASHELLS;2029.0;1
66500;;;PICNIC_BASKET1;SEASHELLS;59248.0;2
66500;;;PICNIC_BASKET1;SEASHELLS;59247.0;6
66500;;;PICNIC_BASKET2;SEASHELLS;30481.0;2
66500;;;SQUID_INK;SEASHELLS;1953.0;1
66600;;;JAMS;SEASHELLS;6632.0;9
66600;;;KELP;SEASHELLS;2030.0;1
66600;;;KELP;SEASHELLS;2030.0;9
66600;;;SQUID_INK;SEASHELLS;1952.0;1
66600;;;SQUID_INK;SEASHELLS;1952.0;9
66700;;;PICNIC_BASKET1;SEASHELLS;59258.0;5
66700;;;PICNIC_BASKET2;SEASHELLS;30487.0;5
66900;;;SQUID_INK;SEASHELLS;1954.0;2
67100;;;CROISSANTS;SEASHELLS;4321.0;8
67100;;;JAMS;SEASHELLS;6634.0;7
67100;;;KELP;SEASHELLS;2030.0;1
67100;;;PICNIC_BASKET1;SEASHELLS;59250.0;1
67100;;;PICNIC_BASKET1;SEASHELLS;59249.0;4
67100;;;PICNIC_BASKET2;SEASHELLS;30476.0;5
67100;;;SQUID_INK;SEASHELLS;1954.0;1
67500;;;PICNIC_BASKET2;SEASHELLS;30482.0;1
67600;;;RAINFOREST_RESIN;SEASHELLS;10008.0;2
67700;;;KELP;SEASHELLS;2033.0;11
67700;;;RAINFOREST_RESIN;SEASHELLS;10008.0;4
67700;;;RAINFOREST_RESIN;SEASHELLS;10001.0;1
67700;;;SQUID_INK;SEASHELLS;1959.0;11
67900;;;KELP;SEASHELLS;2033.0;15
67900;;;SQUID_INK;SEASHELLS;1960.0;15
68100;;;CROISSANTS;SEASHELLS;4322.0;8
68200;;;PICNIC_BASKET1;SEASHELLS;59241.0;2
68200;;;PICNIC_BASKET1;SEASHELLS;59240.0;4
68200;;;PICNIC_BASKET2;SEASHELLS;30481.0;2
68200;;;PICNIC_BASKET2;SEASHELLS;30480.0;4
68400;;;RAINFOREST_RESIN;SEASHELLS;9999.0;1
68500;;;JAMS;SEASHELLS;6632.0;6
68600;;;DJEMBES;SEASHELLS;13488.0;2
68700;;;CROISSANTS;SEASHELLS;4319.0;4
68700;;;RAINFOREST_RESIN;SEASHELLS;9992.0;9
69000;;;JAMS;SEASHELLS;6631.0;4
69200;;;DJEMBES;SEASHELLS;13489.0;4
69200;;;KELP;SEASHELLS;2030.0;1
69200;;;KELP;SEASHELLS;2030.0;6
69200;;;SQUID_INK;SEASHELLS;1958.0;7
69600;;;DJEMBES;SEASHELLS;13488.0;2
69600;;;KELP;SEASHELLS;2030.0;1
69600;;;KELP;SEASHELLS;2030.0;1
69600;;;KELP;SEASHELLS;2030.0;6
69600;;;PICNIC_BASKET1;SEASHELLS;59212.0;5
69600;;;PICNIC_BASKET2;SEASHELLS;30472.0;1
69600;;;PICNIC_BASKET2;SEASHELLS;30472.0;4
69600;;;SQUID_INK;SEASHELLS;1958.0;8
69600;;;SQUID_INK;SEASHELLS;1962.0;1
69800;;;KELP;SEASHELLS;2030.0;1
69800;;;SQUID_INK;SEASHELLS;1960.0;1
69900;;;KELP;SEASHELLS;2033.0;15
69900;;;SQUID_INK;SEASHELLS;1964.0;15
70000;;;JAMS;SEASHELLS;6629.0;8
70100;;;RAINFOREST_RESIN;SEASHELLS;10003.0;2
70200;;;CROISSANTS;SEASHELLS;4318.0;6
70200;;;SQUID_INK;SEASHELLS;1960.0;3
70600;;;DJEMBES;SEASHELLS;13489.0;2
70700;;;KELP;SEASHELLS;2033.0;2
70700;;;SQUID_INK;SEASHELLS;1963.0;2
70800;;;KELP;SEASHELLS;2030.0;1
70800;;;SQUID_INK;SEASHELLS;1961.0;1
70900;;;KELP;SEASHELLS;2033.0;1
70900;;;RAINFOREST_RESIN;SEASHELLS;9999.0;1
70900;;;SQUID_INK;SEASHELLS;1964.0;1
71000;;;JAMS;SEASHELLS;6630.0;8
71000;;;KELP;SEASHELLS;2032.0;1
71100;;;RAINFOREST_RESIN;SEASHELLS;10008.0;6
71200;;;JAMS;SEASHELLS;6630.0;8
71400;;;CROISSANTS;SEASHELLS;4318.0;7
71400;;;KELP;SEASHELLS;2029.0;1
71400;;;KELP;SEASHELLS;2031.0;6
71400;;;SQUID_INK;SEASHELLS;1961.0;1
71400;;;SQUID_INK;SEASHELLS;1962.0;6
71500;;;CROISSANTS;SEASHELLS;4317.0;7
71600;;;RAINFOREST_RESIN;SEASHELLS;10002.0;5
71700;;;CROISSANTS;SEASHELLS;4317.0;7
72200;;;JAMS;SEASHELLS;6633.0;10
72400;;;KELP;SEASHELLS;2028.0;9
72400;;;PICNIC_BASKET1;SEASHELLS;59215.0;9
72400;;;PICNIC_BASKET2;SEASHELLS;30459.0;9
72400;;;SQUID_INK;SEASHELLS;1964.0;9
72500;;;KELP;SEASHELLS;2032.0;1
72500;;;RAINFOREST_RESIN;SEASHELLS;9992.0;9
72500;;;SQUID_INK;SEASHELLS;1967.0;1
72700;;;JAMS;SEASHELLS;6631.0;5
72800;;;PICNIC_BASKET1;SEASHELLS;59207.0;2
72800;;;PICNIC_BASKET2;SEASHELLS;30457.0;2
72900;;;DJEMBES;SEASHELLS;13487.0;3
73100;;;RAINFOREST_RESIN;SEASHELLS;9992.0;6
73200;;;DJEMBES;SEASHELLS;13489.0;1
73200;;;KELP;SEASHELLS;2029.0;1
73200;;;KELP;SEASHELLS;2029.0;1
73200;;;KELP;SEASHELLS;2029.0;4
73200;;;SQUID_INK;SEASHELLS;1962.0;1
73200;;;SQUID_INK;SEASHELLS;1962.0;5
73300;;;RAINFOREST_RESIN;SEASHELLS;10003.0;2
73500;;;RAINFOREST_RESIN;SEASHELLS;9997.0;2
73500;;;RAINFOREST_RESIN;SEASHELLS;9997.0;5
73600;;;DJEMBES;SEASHELLS;13486.0;3
73600;;;RAINFOREST_RESIN;SEASHELLS;9997.0;4
73700;;;KELP;SEASHELLS;2031.0;1
73700;;;RAINFOREST_RESIN;SEASHELLS;9997.0;6
73700;;;RAINFOREST_RESIN;SEASHELLS;9997.0;1
73700;;;RAINFOREST_RESIN;SEASHELLS;9997.0;3
73700;;;SQUID_INK;SEASHELLS;1965.0;1
73900;;;RAINFOREST_RESIN;SEASHELLS;10008.0;8
74000;;;RAINFOREST_RESIN;SEASHELLS;10001.0;1
74100;;;JAMS;SEASHELLS;6630.0;9
74300;;;KELP;SEASHELLS;2031.0;1
74300;;;RAINFOREST_RESIN;SEASHELLS;10008.0;7
74300;;;SQUID_INK;SEASHELLS;1962.0;1
74400;;;KELP;SEASHELLS;2031.0;1
74400;;;KELP;SEASHELLS;2031.0;2
74400;;;SQUID_INK;SEASHELLS;1962.0;1
74400;;;SQUID_INK;SEASHELLS;1962.0;2
74600;;;KELP;SEASHELLS;2029.0;1
74600;;;SQUID_INK;SEASHELLS;1956.0;1
74800;;;PICNIC_BASKET1;SEASHELLS;59198.0;6
74800;;;PICNIC_BASKET2;SEASHELLS;30458.0;6
75000;;;DJEMBES;SEASHELLS;13484.0;4
75100;;;DJEMBES;SEASHELLS;13483.0;2
75100;;;RAINFOREST_RESIN;SEASHELLS;10008.0;1
75200;;;CROISSANTS;SEASHELLS;4319.0;7
75300;;;SQUID_INK;SEASHELLS;1954.0;1
75400;;;CROISSANTS;SEASHELLS;4318.0;8
75600;;;KELP;SEASHELLS;2033.0;13
75600;;;SQUID_INK;SEASHELLS;1959.0;13
75800;;;KELP;SEASHELLS;2033.0;1
75800;;;SQUID_INK;SEASHELLS;1963.0;1
76000;;;RAINFOREST_RESIN;SEASHELLS;9998.0;4
76300;;;KELP;SEASHELLS;2029.0;1
76300;;;SQUID_INK;SEASHELLS;1961.0;1
76400;;;KELP;SEASHELLS;2030.0;3
76400;;;SQUID_INK;SEASHELLS;1962.0;3
76700;;;DJEMBES;SEASHELLS;13486.0;3
76800;;;DJEMBES;SEASHELLS;13486.0;4
76800;;;KELP;SEASHELLS;2029.0;1
76800;;;SQUID_INK;SEASHELLS;1961.0;1
76900;;;KELP;SEASHELLS;2029.0;4
76900;;;SQUID_INK;SEASHELLS;1961.0;4
77000;;;JAMS;SEASHELLS;6629.0;8
77100;;;CROISSANTS;SEASHELLS;4319.0;6
77100;;;KELP;SEASHELLS;2029.0;1
77100;;;SQUID_INK;SEASHELLS;1963.0;1
77200;;;RAINFOREST_RESIN;SEASHELLS;9998.0;4
77400;;;KELP;SEASHELLS;2028.0;4
77400;;;SQUID_INK;SEASHELLS;1966.0;4
77500;;;CROISSANTS;SEASHELLS;4319.0;8
77500;;;PICNIC_BASKET1;SEASHELLS;59178.0;2
77500;;;PICNIC_BASKET1;SEASHELLS;59177.0;4
77500;;;PICNIC_BASKET2;SEASHELLS;30441.0;2
77500;;;PICNIC_BASKET2;SEASHELLS;30440.0;4
77700;;;DJEMBES;SEASHELLS;13483.0;1
77800;;;RAINFOREST_RESIN;SEASHELLS;10002.0;3
78000;;;CROISSANTS;SEASHELLS;4321.0;8
78000;;;KELP;SEASHELLS;2027.0;1
78100;;;JAMS;SEASHELLS;6628.0;9
78400;;;RAINFOREST_RESIN;SEASHELLS;10008.0;1
78700;;;KELP;SEASHELLS;2029.0;10
78700;;;SQUID_INK;SEASHELLS;1974.0;10
78800;;;KELP;SEASHELLS;2028.0;1
78800;;;SQUID_INK;SEASHELLS;1972.0;1
78900;;;DJEMBES;SEASHELLS;13483.0;3
78900;;;JAMS;SEASHELLS;6626.0;10
79100;;;KELP;SEASHELLS;2027.0;1
79100;;;SQUID_INK;SEASHELLS;1970.0;1
79300;;;KELP;SEASHELLS;2025.0;1
79300;;;SQUID_INK;SEASHELLS;1968.0;1
79500;;;KELP;SEASHELLS;2028.0;1
79500;;;SQUID_INK;SEASHELLS;1972.0;1
79700;;;PICNIC_BASKET1;SEASHELLS;59202.0;2
79800;;;KELP;SEASHELLS;2027.0;1
79900;;;JAMS;SEASHELLS;6626.0;6
79900;;;KELP;SEASHELLS;2026.0;2
79900;;;SQUID_INK;SEASHELLS;1969.0;2
80000;;;DJEMBES;SEASHELLS;13485.0;11
80000;;;PICNIC_BASKET1;SEASHELLS;59205.0;1
80000;;;PICNIC_BASKET1;SEASHELLS;59205.0;7
80000;;;PICNIC_BASKET2;SEASHELLS;30445.0;1
80000;;;PICNIC_BASKET2;SEASHELLS;30445.0;7
80100;;;RAINFOREST_RESIN;SEASHELLS;9992.0;9
80400;;;JAMS;SEASHELLS;6625.0;6
80400;;;KELP;SEASHELLS;2025.0;1
80400;;;KELP;SEASHELLS;2025.0;1
80400;;;KELP;SEASHELLS;2025.0;1
80400;;;RAINFOREST_RESIN;SEASHELLS;10008.0;1
80400;;;SQUID_INK;SEASHELLS;1967.0;1
80400;;;SQUID_INK;SEASHELLS;1967.0;2
80500;;;JAMS;SEASHELLS;6626.0;4
80600;;;RAINFOREST_RESIN;SEASHELLS;10008.0;10
80700;;;DJEMBES;SEASHELLS;13487.0;3
80700;;;KELP;SEASHELLS;2027.0;1
80700;;;KELP;SEASHELLS;2028.0;14
80800;;;DJEMBES;SEASHELLS;13489.0;4
80900;;;JAMS;SEASHELLS;6628.0;8
81000;;;RAINFOREST_RESIN;SEASHELLS;10008.0;1
81300;;;CROISSANTS;SEASHELLS;4321.0;5
81500;;;CROISSANTS;SEASHELLS;4321.0;8
81500;;;KELP;SEASHELLS;2026.0;1
81500;;;SQUID_INK;SEASHELLS;1962.0;1
81700;;;KELP;SEASHELLS;2026.0;1
81700;;;RAINFOREST_RESIN;SEASHELLS;10008.0;2
81700;;;SQUID_INK;SEASHELLS;1964.0;1
81800;;;SQUID_INK;SEASHELLS;1966.0;1
81900;;;JAMS;SEASHELLS;6624.0;11
81900;;;KELP;SEASHELLS;2026.0;4
81900;;;SQUID_INK;SEASHELLS;1966.0;4
82000;;;KELP;SEASHELLS;2026.0;1
82000;;;RAINFOREST_RESIN;SEASHELLS;10008.0;4
82000;;;SQUID_INK;SEASHELLS;1965.0;1
82100;;;KELP;SEASHELLS;2026.0;14
82100;;;SQUID_INK;SEASHELLS;1966.0;14
82500;;;KELP;SEASHELLS;2028.0;1
82500;;;RAINFOREST_RESIN;SEASHELLS;10008.0;6
82700;;;CROISSANTS;SEASHELLS;4321.0;6
82700;;;KELP;SEASHELLS;2026.0;1
82700;;;SQUID_INK;SEASHELLS;1962.0;1
82800;;;DJEMBES;SEASHELLS;13484.0;5
83300;;;RAINFOREST_RESIN;SEASHELLS;10001.0;1
83400;;;KELP;SEASHELLS;2025.0;7
83400;;;SQUID_INK;SEASHELLS;1966.0;7
83500;;;JAMS;SEASHELLS;6624.0;3
83800;;;KELP;SEASHELLS;2029.0;1
83800;;;PICNIC_BASKET1;SEASHELLS;59205.0;10
83800;;;PICNIC_BASKET2;SEASHELLS;30420.0;10
83800;;;SQUID_INK;SEASHELLS;1970.0;1
84100;;;KELP;SEASHELLS;2028.0;1
84300;;;RAINFOREST_RESIN;SEASHELLS;9992.0;6
84500;;;KELP;SEASHELLS;2027.0;1
84500;;;KELP;SEASHELLS;2026.0;2
84500;;;SQUID_INK;SEASHELLS;1968.0;13
84500;;;SQUID_INK;SEASHELLS;1968.0;2
84600;;;DJEMBES;SEASHELLS;13485.0;2
84600;;;KELP;SEASHELLS;2030.0;7
84600;;;SQUID_INK;SEASHELLS;1972.0;7
84800;;;KELP;SEASHELLS;2029.0;1
84800;;;SQUID_INK;SEASHELLS;1972.0;1
85200;;;KELP;SEASHELLS;2029.0;1
85200;;;SQUID_INK;SEASHELLS;1971.0;1
85300;;;RAINFOREST_RESIN;SEASHELLS;9999.0;1
85400;;;KELP;SEASHELLS;2029.0;1
85400;;;SQUID_INK;SEASHELLS;1972.0;1
85500;;;DJEMBES;SEASHELLS;13486.0;5
85500;;;JAMS;SEASHELLS;6625.0;6
85900;;;JAMS;SEASHELLS;6623.0;5
86000;;;PICNIC_BASKET1;SEASHELLS;59215.0;1
86000;;;PICNIC_BASKET2;SEASHELLS;30415.0;10
86100;;;CROISSANTS;SEASHELLS;4322.0;6
86200;;;DJEMBES;SEASHELLS;13485.0;4
86600;;;KELP;SEASHELLS;2028.0;1
86600;;;SQUID_INK;SEASHELLS;1968.0;1
86900;;;KELP;SEASHELLS;2029.0;1
86900;;;SQUID_INK;SEASHELLS;1969.0;1
86900;;;SQUID_INK;SEASHELLS;1968.0;1
87100;;;DJEMBES;SEASHELLS;13482.0;3
87100;;;KELP;SEASHELLS;2028.0;5
87100;;;SQUID_INK;SEASHELLS;1965.0;5
87200;;;KELP;SEASHELLS;2027.0;7
87200;;;RAINFOREST_RESIN;SEASHELLS;10008.0;5
87200;;;SQUID_INK;SEASHELLS;1964.0;7
87300;;;CROISSANTS;SEASHELLS;4323.0;9
87300;;;DJEMBES;SEASHELLS;13483.0;2
87300;;;JAMS;SEASHELLS;6622.0;3
87300;;;KELP;SEASHELLS;2029.0;1
87300;;;SQUID_INK;SEASHELLS;1965.0;1
87500;;;CROISSANTS;SEASHELLS;4324.0;7
87500;;;KELP;SEASHELLS;2029.0;1
87500;;;SQUID_INK;SEASHELLS;1964.0;1
87600;;;JAMS;SEASHELLS;6621.0;10
87600;;;RAINFOREST_RESIN;SEASHELLS;10008.0;7
87900;;;DJEMBES;SEASHELLS;13483.0;1
87900;;;SQUID_INK;SEASHELLS;1963.0;1
88500;;;DJEMBES;SEASHELLS;13486.0;2
88500;;;RAINFOREST_RESIN;SEASHELLS;10002.0;5
88600;;;PICNIC_BASKET1;SEASHELLS;59218.0;1
88600;;;PICNIC_BASKET2;SEASHELLS;30436.0;5
88700;;;RAINFOREST_RESIN;SEASHELLS;10002.0;3
88800;;;KELP;SEASHELLS;2028.0;4
88900;;;RAINFOREST_RESIN;SEASHELLS;9999.0;1
89000;;;DJEMBES;SEASHELLS;13485.0;1
89100;;;DJEMBES;SEASHELLS;13485.0;1
89100;;;KELP;SEASHELLS;2031.0;2
89100;;;SQUID_INK;SEASHELLS;1966.0;2
89200;;;RAINFOREST_RESIN;SEASHELLS;10001.0;1
89300;;;KELP;SEASHELLS;2028.0;2
89300;;;SQUID_INK;SEASHELLS;1965.0;2
89500;;;CROISSANTS;SEASHELLS;4323.0;8
89500;;;KELP;SEASHELLS;2030.0;1
89500;;;RAINFOREST_RESIN;SEASHELLS;9992.0;1
89500;;;SQUID_INK;SEASHELLS;1967.0;1
89600;;;DJEMBES;SEASHELLS;13487.0;1
89800;;;KELP;SEASHELLS;2031.0;2
89800;;;SQUID_INK;SEASHELLS;1966.0;2
90200;;;JAMS;SEASHELLS;6621.0;9
90400;;;CROISSANTS;SEASHELLS;4323.0;5
90400;;;RAINFOREST_RESIN;SEASHELLS;10008.0;8
90700;;;DJEMBES;SEASHELLS;13490.0;3
90800;;;KELP;SEASHELLS;2028.0;2
90800;;;KELP;SEASHELLS;2028.0;3
90800;;;SQUID_INK;SEASHELLS;1965.0;4
90800;;;SQUID_INK;SEASHELLS;1965.0;1
90900;;;RAINFOREST_RESIN;SEASHELLS;10001.0;1
91000;;;RAINFOREST_RESIN;SEASHELLS;10008.0;6
91200;;;KELP;SEASHELLS;2030.0;1
91200;;;KELP;SEASHELLS;2029.0;2
91200;;;SQUID_INK;SEASHELLS;1967.0;1
91200;;;SQUID_INK;SEASHELLS;1966.0;2
91400;;;RAINFOREST_RESIN;SEASHELLS;9992.0;1
91400;;;SQUID_INK;SEASHELLS;1965.0;1
91600;;;JAMS;SEASHELLS;6618.0;6
91600;;;KELP;SEASHELLS;2028.0;1
91600;;;RAINFOREST_RESIN;SEASHELLS;9992.0;4
91600;;;SQUID_INK;SEASHELLS;1965.0;1
91800;;;JAMS;SEASHELLS;6618.0;9
91800;;;RAINFOREST_RESIN;SEASHELLS;10002.0;1
91800;;;RAINFOREST_RESIN;SEASHELLS;10008.0;5
91900;;;RAINFOREST_RESIN;SEASHELLS;10008.0;2
92400;;;KELP;SEASHELLS;2029.0;1
92400;;;SQUID_INK;SEASHELLS;1963.0;1
92500;;;RAINFOREST_RESIN;SEASHELLS;10008.0;6
92800;;;DJEMBES;SEASHELLS;13491.0;2
92800;;;RAINFOREST_RESIN;SEASHELLS;9998.0;5
92900;;;KELP;SEASHELLS;2026.0;8
92900;;;RAINFOREST_RESIN;SEASHELLS;9999.0;1
92900;;;SQUID_INK;SEASHELLS;1964.0;8
93000;;;CROISSANTS;SEASHELLS;4323.0;5
93200;;;KELP;SEASHELLS;2030.0;2
93200;;;SQUID_INK;SEASHELLS;1968.0;2
93300;;;RAINFOREST_RESIN;SEASHELLS;9998.0;4
93600;;;CROISSANTS;SEASHELLS;4323.0;10
93600;;;DJEMBES;SEASHELLS;13492.0;1
93700;;;KELP;SEASHELLS;2029.0;1
93700;;;SQUID_INK;SEASHELLS;1968.0;1
94000;;;KELP;SEASHELLS;2029.0;1
94000;;;SQUID_INK;SEASHELLS;1969.0;1
94200;;;RAINFOREST_RESIN;SEASHELLS;9992.0;1
94400;;;JAMS;SEASHELLS;6619.0;4
94400;;;KELP;SEASHELLS;2027.0;9
94400;;;SQUID_INK;SEASHELLS;1968.0;9
94500;;;CROISSANTS;SEASHELLS;4323.0;7
94600;;;JAMS;SEASHELLS;6619.0;7
94700;;;JAMS;SEASHELLS;6620.0;5
94700;;;KELP;SEASHELLS;2030.0;10
94700;;;KELP;SEASHELLS;2030.0;10
94700;;;KELP;SEASHELLS;2030.0;4
94700;;;SQUID_INK;SEASHELLS;1970.0;10
94700;;;SQUID_INK;SEASHELLS;1970.0;10
94700;;;SQUID_INK;SEASHELLS;1970.0;4
95000;;;RAINFOREST_RESIN;SEASHELLS;10001.0;1
95100;;;JAMS;SEASHELLS;6619.0;12
95200;;;CROISSANTS;SEASHELLS;4323.0;8
95200;;;PICNIC_BASKET1;SEASHELLS;59185.0;1
95200;;;PICNIC_BASKET1;SEASHELLS;59184.0;5
95200;;;PICNIC_BASKET2;SEASHELLS;30418.0;6
95400;;;CROISSANTS;SEASHELLS;4323.0;5
95700;;;DJEMBES;SEASHELLS;13491.0;3
95800;;;DJEMBES;SEASHELLS;13490.0;1
95800;;;KELP;SEASHELLS;2028.0;2
95800;;;RAINFOREST_RESIN;SEASHELLS;9999.0;1
95800;;;SQUID_INK;SEASHELLS;1970.0;2
96100;;;DJEMBES;SEASHELLS;13489.0;4
96300;;;CROISSANTS;SEASHELLS;4323.0;8
96300;;;PICNIC_BASKET1;SEASHELLS;59183.0;5
96300;;;PICNIC_BASKET2;SEASHELLS;30412.0;5
96500;;;DJEMBES;SEASHELLS;13490.0;2
96600;;;KELP;SEASHELLS;2028.0;1
96600;;;SQUID_INK;SEASHELLS;1970.0;1
96700;;;DJEMBES;SEASHELLS;13488.0;3
96900;;;KELP;SEASHELLS;2030.0;1
96900;;;SQUID_INK;SEASHELLS;1975.0;1
97000;;;PICNIC_BASKET1;SEASHELLS;59180.0;2
97000;;;PICNIC_BASKET2;SEASHELLS;30408.0;9
97100;;;KELP;SEASHELLS;2030.0;4
97100;;;KELP;SEASHELLS;2030.0;1
97100;;;SQUID_INK;SEASHELLS;1974.0;4
97100;;;SQUID_INK;SEASHELLS;1974.0;1
97200;;;KELP;SEASHELLS;2028.0;14
97200;;;SQUID_INK;SEASHELLS;1971.0;14
97500;;;RAINFOREST_RESIN;SEASHELLS;9992.0;1
97600;;;JAMS;SEASHELLS;6618.0;7
97800;;;KELP;SEASHELLS;2031.0;1
97800;;;SQUID_INK;SEASHELLS;1975.0;1
97900;;;PICNIC_BASKET1;SEASHELLS;59191.0;9
97900;;;PICNIC_BASKET2;SEASHELLS;30412.0;9
98000;;;DJEMBES;SEASHELLS;13490.0;3
98200;;;JAMS;SEASHELLS;6618.0;8
98200;;;RAINFOREST_RESIN;SEASHELLS;10008.0;6
98300;;;RAINFOREST_RESIN;SEASHELLS;9992.0;8
98600;;;RAINFOREST_RESIN;SEASHELLS;9999.0;1
98700;;;CROISSANTS;SEASHELLS;4321.0;7
98700;;;KELP;SEASHELLS;2030.0;2
98700;;;SQUID_INK;SEASHELLS;1972.0;2
98800;;;KELP;SEASHELLS;2028.0;2
98800;;;SQUID_INK;SEASHELLS;1970.0;2
99000;;;JAMS;SEASHELLS;6615.0;5
99300;;;KELP;SEASHELLS;2028.0;3
99400;;;KELP;SEASHELLS;2030.0;1
99400;;;SQUID_INK;SEASHELLS;1964.0;1
99500;;;CROISSANTS;SEASHELLS;4323.0;6
99800;;;KELP;SEASHELLS;2028.0;3
99800;;;KELP;SEASHELLS;2028.0;1
99800;;;SQUID_INK;SEASHELLS;1967.0;3
99800;;;SQUID_INK;SEASHELLS;1967.0;1
99900;;;RAINFOREST_RESIN;SEASHELLS;10001.0;1
100100;;;KELP;SEASHELLS;2028.0;1
100100;;;SQUID_INK;SEASHELLS;1967.0;1
100300;;;DJEMBES;SEASHELLS;13495.0;4
100300;;;RAINFOREST_RESIN;SEASHELLS;9992.0;5
100300;;;RAINFOREST_RESIN;SEASHELLS;9992.0;4
100400;;;CROISSANTS;SEASHELLS;4321.0;8
100400;;;KELP;SEASHELLS;2028.0;1
100400;;;SQUID_INK;SEASHELLS;1967.0;1
100600;;;KELP;SEASHELLS;2030.0;1
100600;;;SQUID_INK;SEASHELLS;1969.0;1
100700;;;JAMS;SEASHELLS;6618.0;10
100800;;;DJEMBES;SEASHELLS;13492.0;8
100900;;;RAINFOREST_RESIN;SEASHELLS;10001.0;1
101100;;;DJEMBES;SEASHELLS;13492.0;4
101100;;;JAMS;SEASHELLS;6616.0;9
101100;;;RAINFOREST_RESIN;SEASHELLS;9999.0;1
101100;;;SQUID_INK;SEASHELLS;1968.0;1
101300;;;PICNIC_BASKET1;SEASHELLS;59181.0;6
101300;;;PICNIC_BASKET2;SEASHELLS;30411.0;6
101500;;;CROISSANTS;SEASHELLS;4322.0;6
101500;;;JAMS;SEASHELLS;6616.0;9
101700;;;KELP;SEASHELLS;2029.0;1
101700;;;SQUID_INK;SEASHELLS;1969.0;1
101800;;;RAINFOREST_RESIN;SEASHELLS;9999.0;1
101900;;;JAMS;SEASHELLS;6617.0;9
101900;;;KELP;SEASHELLS;2029.0;8
101900;;;KELP;SEASHELLS;2032.0;14
101900;;;SQUID_INK;SEASHELLS;1971.0;8
102300;;;KELP;SEASHELLS;2029.0;1
102300;;;KELP;SEASHELLS;2031.0;1
102300;;;SQUID_INK;SEASHELLS;1971.0;1
102300;;;SQUID_INK;SEASHELLS;1973.0;1
102400;;;CROISSANTS;SEASHELLS;4322.0;7
102400;;;KELP;SEASHELLS;2029.0;5
102400;;;SQUID_INK;SEASHELLS;1971.0;5
102600;;;KELP;SEASHELLS;2029.0;14
102600;;;RAINFOREST_RESIN;SEASHELLS;10000.0;2
102600;;;SQUID_INK;SEASHELLS;1970.0;14
102700;;;CROISSANTS;SEASHELLS;4320.0;5
102900;;;KELP;SEASHELLS;2031.0;1
102900;;;SQUID_INK;SEASHELLS;1972.0;1
103000;;;DJEMBES;SEASHELLS;13495.0;2
103100;;;KELP;SEASHELLS;2030.0;6
103100;;;SQUID_INK;SEASHELLS;1970.0;6
103400;;;DJEMBES;SEASHELLS;13496.0;2
103600;;;JAMS;SEASHELLS;6616.0;4
104000;;;PICNIC_BASKET2;SEASHELLS;30406.0;2
104400;;;JAMS;SEASHELLS;6614.0;8
104500;;;JAMS;SEASHELLS;6616.0;6
104700;;;RAINFOREST_RESIN;SEASHELLS;10008.0;7
104900;;;JAMS;SEASHELLS;6616.0;5
105100;;;RAINFOREST_RESIN;SEASHELLS;10001.0;1
105500;;;KELP;SEASHELLS;2029.0;1
105500;;;SQUID_INK;SEASHELLS;1967.0;1
105600;;;DJEMBES;SEASHELLS;13493.0;4
105600;;;RAINFOREST_RESIN;SEASHELLS;9998.0;3
105700;;;DJEMBES;SEASHELLS;13492.0;2
105800;;;DJEMBES;SEASHELLS;13493.0;2
105800;;;KELP;SEASHELLS;2030.0;5
105800;;;RAINFOREST_RESIN;SEASHELLS;10000.0;2
105800;;;SQUID_INK;SEASHELLS;1965.0;5
105900;;;CROISSANTS;SEASHELLS;4324.0;8
106100;;;CROISSANTS;SEASHELLS;4324.0;6
106100;;;DJEMBES;SEASHELLS;13495.0;3
106300;;;JAMS;SEASHELLS;6616.0;6
106300;;;KELP;SEASHELLS;2029.0;1
106300;;;RAINFOREST_RESIN;SEASHELLS;9998.0;4
106400;;;KELP;SEASHELLS;2029.0;1
106400;;;KELP;SEASHELLS;2029.0;12
106400;;;SQUID_INK;SEASHELLS;1960.0;12
106400;;;SQUID_INK;SEASHELLS;1961.0;1
106500;;;KELP;SEASHELLS;2032.0;1
106500;;;RAINFOREST_RESIN;SEASHELLS;10008.0;4
106500;;;SQUID_INK;SEASHELLS;1964.0;1
106600;;;RAINFOREST_RESIN;SEASHELLS;10008.0;6
106800;;;KELP;SEASHELLS;2028.0;1
106800;;;RAINFOREST_RESIN;SEASHELLS;10008.0;4
106800;;;SQUID_INK;SEASHELLS;1962.0;1
107000;;;KELP;SEASHELLS;2029.0;1
107000;;;RAINFOREST_RESIN;SEASHELLS;10008.0;9
107000;;;SQUID_INK;SEASHELLS;1961.0;1
107200;;;JAMS;SEASHELLS;6616.0;5
107400;;;CROISSANTS;SEASHELLS;4323.0;6
107400;;;RAINFOREST_RESIN;SEASHELLS;10003.0;10
107600;;;KELP;SEASHELLS;2029.0;1
107600;;;SQUID_INK;SEASHELLS;1959.0;1
107800;;;KELP;SEASHELLS;2029.0;1
107800;;;SQUID_INK;SEASHELLS;1959.0;1
107900;;;KELP;SEASHELLS;2031.0;1
107900;;;SQUID_INK;SEASHELLS;1962.0;1
108000;;;KELP;SEASHELLS;2029.0;5
108000;;;SQUID_INK;SEASHELLS;1960.0;5
108300;;;KELP;SEASHELLS;2029.0;1
108300;;;RAINFOREST_RESIN;SEASHELLS;10003.0;10
108300;;;SQUID_INK;SEASHELLS;1959.0;1
108400;;;JAMS;SEASHELLS;6615.0;9
108800;;;KELP;SEASHELLS;2032.0;2
108800;;;KELP;SEASHELLS;2031.0;1
108800;;;SQUID_INK;SEASHELLS;1965.0;2
108800;;;SQUID_INK;SEASHELLS;1964.0;1
109000;;;KELP;SEASHELLS;2029.0;1
109000;;;SQUID_INK;SEASHELLS;1963.0;9
109100;;;JAMS;SEASHELLS;6615.0;7
109100;;;KELP;SEASHELLS;2030.0;5
109100;;;RAINFOREST_RESIN;SEASHELLS;10008.0;4
109100;;;RAINFOREST_RESIN;SEASHELLS;10001.0;1
109100;;;SQUID_INK;SEASHELLS;1966.0;5
109200;;;SQUID_INK;SEASHELLS;1966.0;9
109400;;;SQUID_INK;SEASHELLS;1965.0;1
109500;;;RAINFOREST_RESIN;SEASHELLS;10008.0;1
109600;;;KELP;SEASHELLS;2028.0;1
109600;;;PICNIC_BASKET1;SEASHELLS;59223.0;4
109600;;;PICNIC_BASKET2;SEASHELLS;30415.0;4
109600;;;RAINFOREST_RESIN;SEASHELLS;10002.0;4
109600;;;SQUID_INK;SEASHELLS;1963.0;1
109700;;;DJEMBES;SEASHELLS;13495.0;3
109700;;;KELP;SEASHELLS;2031.0;1
109700;;;SQUID_INK;SEASHELLS;1966.0;1
109900;;;RAINFOREST_RESIN;SEASHELLS;10001.0;1
110100;;;CROISSANTS;SEASHELLS;4325.0;6
110200;;;JAMS;SEASHELLS;6616.0;11
110200;;;KELP;SEASHELLS;2028.0;1
110500;;;KELP;SEASHELLS;2028.0;9
110500;;;SQUID_INK;SEASHELLS;1961.0;9
110600;;;RAINFOREST_RESIN;SEASHELLS;9992.0;1
110900;;;DJEMBES;SEASHELLS;13494.0;3
110900;;;JAMS;SEASHELLS;6614.0;9
111000;;;DJEMBES;SEASHELLS;13495.0;4
111000;;;SQUID_INK;SEASHELLS;1963.0;7
111100;;;KELP;SEASHELLS;2027.0;1
111100;;;SQUID_INK;SEASHELLS;1960.0;1
111200;;;KELP;SEASHELLS;2028.0;1
111200;;;SQUID_INK;SEASHELLS;1960.0;1
111300;;;KELP;SEASHELLS;2027.0;1
111300;;;SQUID_INK;SEASHELLS;1959.0;1
111400;;;JAMS;SEASHELLS;6614.0;7
111400;;;RAINFOREST_RESIN;SEASHELLS;9992.0;7
111600;;;DJEMBES;SEASHELLS;13493.0;2
111800;;;KELP;SEASHELLS;2031.0;1
111800;;;SQUID_INK;SEASHELLS;1958.0;1
111900;;;JAMS;SEASHELLS;6613.0;10
112000;;;KELP;SEASHELLS;2029.0;2
112300;;;KELP;SEASHELLS;2028.0;1
112300;;;SQUID_INK;SEASHELLS;1957.0;1
112400;;;RAINFOREST_RESIN;SEASHELLS;9992.0;8
112400;;;RAINFOREST_RESIN;SEASHELLS;9999.0;1
112800;;;JAMS;SEASHELLS;6610.0;10
112900;;;RAINFOREST_RESIN;SEASHELLS;10003.0;4
113300;;;JAMS;SEASHELLS;6608.0;9
113400;;;RAINFOREST_RESIN;SEASHELLS;10008.0;4
113500;;;KELP;SEASHELLS;2030.0;1
113500;;;SQUID_INK;SEASHELLS;1959.0;1
113700;;;DJEMBES;SEASHELLS;13492.0;4
114100;;;JAMS;SEASHELLS;6608.0;4
114300;;;KELP;SEASHELLS;2030.0;1
114300;;;SQUID_INK;SEASHELLS;1958.0;1
114500;;;KELP;SEASHELLS;2028.0;1
114500;;;SQUID_INK;SEASHELLS;1958.0;1
114600;;;KELP;SEASHELLS;2032.0;4
114600;;;PICNIC_BASKET1;SEASHELLS;59228.0;1
114600;;;PICNIC_BASKET2;SEASHELLS;30422.0;1
114600;;;PICNIC_BASKET2;SEASHELLS;30421.0;1
114600;;;SQUID_INK;SEASHELLS;1960.0;4
114900;;;DJEMBES;SEASHELLS;13489.0;3
115000;;;PICNIC_BASKET1;SEASHELLS;59238.0;2
115000;;;PICNIC_BASKET2;SEASHELLS;30427.0;2
115100;;;CROISSANTS;SEASHELLS;4326.0;8
115100;;;KELP;SEASHELLS;2028.0;1
115100;;;SQUID_INK;SEASHELLS;1958.0;1
115100;;;SQUID_INK;SEASHELLS;1960.0;7
115200;;;DJEMBES;SEASHELLS;13491.0;5
115300;;;RAINFOREST_RESIN;SEASHELLS;9998.0;3
115500;;;DJEMBES;SEASHELLS;13488.0;2
115600;;;PICNIC_BASKET1;SEASHELLS;59250.0;1
115600;;;PICNIC_BASKET2;SEASHELLS;30437.0;7
115700;;;CROISSANTS;SEASHELLS;4328.0;3
115800;;;RAINFOREST_RESIN;SEASHELLS;10008.0;1
116000;;;RAINFOREST_RESIN;SEASHELLS;10008.0;1
116100;;;KELP;SEASHELLS;2031.0;1
116100;;;SQUID_INK;SEASHELLS;1958.0;1
116300;;;CROISSANTS;SEASHELLS;4327.0;6
116400;;;DJEMBES;SEASHELLS;13488.0;1
116400;;;KELP;SEASHELLS;2032.0;2
116400;;;PICNIC_BASKET1;SEASHELLS;59230.0;2
116400;;;PICNIC_BASKET2;SEASHELLS;30430.0;10
116400;;;SQUID_INK;SEASHELLS;1959.0;2
116500;;;CROISSANTS;SEASHELLS;4327.0;5
116600;;;KELP;SEASHELLS;2029.0;3
116600;;;KELP;SEASHELLS;2029.0;1
116600;;;KELP;SEASHELLS;2029.0;0
116600;;;KELP;SEASHELLS;2029.0;8
116600;;;SQUID_INK;SEASHELLS;1956.0;3
116600;;;SQUID_INK;SEASHELLS;1956.0;1
116600;;;SQUID_INK;SEASHELLS;1956.0;0
116600;;;SQUID_INK;SEASHELLS;1956.0;8
116800;;;KELP;SEASHELLS;2028.0;2
116800;;;SQUID_INK;SEASHELLS;1958.0;2
116900;;;KELP;SEASHELLS;2029.0;4
116900;;;SQUID_INK;SEASHELLS;1959.0;4
117100;;;KELP;SEASHELLS;2030.0;1
117100;;;SQUID_INK;SEASHELLS;1958.0;1
117300;;;DJEMBES;SEASHELLS;13485.0;3
117300;;;KELP;SEASHELLS;2030.0;1
117300;;;KELP;SEASHELLS;2028.0;8
117300;;;RAINFOREST_RESIN;SEASHELLS;9998.0;5
117300;;;SQUID_INK;SEASHELLS;1959.0;1
117300;;;SQUID_INK;SEASHELLS;1957.0;8
117400;;;DJEMBES;SEASHELLS;13486.0;3
117400;;;JAMS;SEASHELLS;6605.0;10
117500;;;JAMS;SEASHELLS;6607.0;9
117600;;;CROISSANTS;SEASHELLS;4326.0;4
117800;;;KELP;SEASHELLS;2028.0;3
117800;;;SQUID_INK;SEASHELLS;1952.0;3
118100;;;KELP;SEASHELLS;2030.0;1
118100;;;SQUID_INK;SEASHELLS;1953.0;1
118200;;;KELP;SEASHELLS;2031.0;2
118200;;;SQUID_INK;SEASHELLS;1953.0;2
118300;;;KELP;SEASHELLS;2027.0;4
118300;;;SQUID_INK;SEASHELLS;1949.0;1
118300;;;SQUID_INK;SEASHELLS;1949.0;4
118500;;;RAINFOREST_RESIN;SEASHELLS;10002.0;3
118500;;;RAINFOREST_RESIN;SEASHELLS;10001.0;1
118800;;;CROISSANTS;SEASHELLS;4325.0;6
119100;;;CROISSANTS;SEASHELLS;4326.0;5
119100;;;DJEMBES;SEASHELLS;13494.0;4
119200;;;KELP;SEASHELLS;2028.0;2
119200;;;SQUID_INK;SEASHELLS;1950.0;2
119700;;;JAMS;SEASHELLS;6608.0;8
119800;;;KELP;SEASHELLS;2028.0;1
119800;;;SQUID_INK;SEASHELLS;1952.0;1
119900;;;DJEMBES;SEASHELLS;13495.0;3
119900;;;KELP;SEASHELLS;2030.0;1
119900;;;SQUID_INK;SEASHELLS;1953.0;1
120000;;;CROISSANTS;SEASHELLS;4325.0;7
120100;;;KELP;SEASHELLS;2029.0;4
120100;;;SQUID_INK;SEASHELLS;1953.0;4
120100;;;SQUID_INK;SEASHELLS;1953.0;6
120200;;;CROISSANTS;SEASHELLS;4326.0;5
120200;;;KELP;SEASHELLS;2028.0;1
120200;;;SQUID_INK;SEASHELLS;1950.0;1
120300;;;JAMS;SEASHELLS;6610.0;5
120500;;;RAINFOREST_RESIN;SEASHELLS;9999.0;1
120600;;;CROISSANTS;SEASHELLS;4326.0;8
120900;;;KELP;SEASHELLS;2028.0;9
120900;;;SQUID_INK;SEASHELLS;1949.0;9
121000;;;JAMS;SEASHELLS;6609.0;5
121000;;;KELP;SEASHELLS;2031.0;1
121000;;;SQUID_INK;SEASHELLS;1952.0;1
121100;;;RAINFOREST_RESIN;SEASHELLS;9992.0;1
121200;;;PICNIC_BASKET1;SEASHELLS;59220.0;2
121200;;;PICNIC_BASKET2;SEASHELLS;30399.0;2
121200;;;RAINFOREST_RESIN;SEASHELLS;10001.0;1
121300;;;KELP;SEASHELLS;2028.0;1
121300;;;KELP;SEASHELLS;2031.0;13
121300;;;SQUID_INK;SEASHELLS;1950.0;1
121300;;;SQUID_INK;SEASHELLS;1953.0;13
121400;;;RAINFOREST_RESIN;SEASHELLS;10008.0;5
121500;;;DJEMBES;SEASHELLS;13501.0;4
121500;;;JAMS;SEASHELLS;6607.0;4
121600;;;CROISSANTS;SEASHELLS;4325.0;10
121600;;;KELP;SEASHELLS;2031.0;2
121600;;;KELP;SEASHELLS;2030.0;1
121600;;;SQUID_INK;SEASHELLS;1956.0;2
121600;;;SQUID_INK;SEASHELLS;1955.0;1
121700;;;KELP;SEASHELLS;2030.0;1
121700;;;SQUID_INK;SEASHELLS;1954.0;1
121800;;;CROISSANTS;SEASHELLS;4326.0;7
121800;;;KELP;SEASHELLS;2028.0;1
121800;;;SQUID_INK;SEASHELLS;1952.0;1
122000;;;DJEMBES;SEASHELLS;13500.0;5
122000;;;RAINFOREST_RESIN;SEASHELLS;9998.0;1
122100;;;RAINFOREST_RESIN;SEASHELLS;9997.0;2
122200;;;KELP;SEASHELLS;2028.0;1
122200;;;SQUID_INK;SEASHELLS;1949.0;1
122500;;;KELP;SEASHELLS;2031.0;2
122500;;;SQUID_INK;SEASHELLS;1951.0;2
122700;;;RAINFOREST_RESIN;SEASHELLS;10003.0;2
122700;;;RAINFOREST_RESIN;SEASHELLS;10002.0;3
122800;;;KELP;SEASHELLS;2028.0;1
122800;;;RAINFOREST_RESIN;SEASHELLS;10008.0;2
122800;;;SQUID_INK;SEASHELLS;1949.0;1
123200;;;KELP;SEASHELLS;2030.0;1
123200;;;KELP;SEASHELLS;2030.0;3
123200;;;SQUID_INK;SEASHELLS;1955.0;1
123200;;;SQUID_INK;SEASHELLS;1955.0;3
123500;;;KELP;SEASHELLS;2028.0;1
123500;;;SQUID_INK;SEASHELLS;1952.0;1
123600;;;DJEMBES;SEASHELLS;13498.0;5
123700;;;KELP;SEASHELLS;2028.0;1
123700;;;SQUID_INK;SEASHELLS;1952.0;1
123900;;;CROISSANTS;SEASHELLS;4327.0;5
123900;;;KELP;SEASHELLS;2028.0;1
123900;;;SQUID_INK;SEASHELLS;1952.0;1
124100;;;CROISSANTS;SEASHELLS;4326.0;8
124200;;;PICNIC_BASKET1;SEASHELLS;59200.0;2
124200;;;PICNIC_BASKET2;SEASHELLS;30418.0;2
124400;;;PICNIC_BASKET1;SEASHELLS;59209.0;1
124400;;;PICNIC_BASKET1;SEASHELLS;59214.0;1
124400;;;PICNIC_BASKET2;SEASHELLS;30420.0;1
124400;;;PICNIC_BASKET2;SEASHELLS;30422.0;1
124700;;;DJEMBES;SEASHELLS;13501.0;5
124900;;;DJEMBES;SEASHELLS;13501.0;8
125100;;;RAINFOREST_RESIN;SEASHELLS;9992.0;1
125200;;;KELP;SEASHELLS;2030.0;1
125200;;;PICNIC_BASKET2;SEASHELLS;30413.0;2
125200;;;SQUID_INK;SEASHELLS;1958.0;1
125400;;;KELP;SEASHELLS;2031.0;1
125400;;;SQUID_INK;SEASHELLS;1958.0;1
125500;;;RAINFOREST_RESIN;SEASHELLS;9992.0;5
125600;;;DJEMBES;SEASHELLS;13502.0;2
125600;;;RAINFOREST_RESIN;SEASHELLS;9992.0;7
125700;;;RAINFOREST_RESIN;SEASHELLS;10008.0;5
125900;;;JAMS;SEASHELLS;6606.0;11
125900;;;KELP;SEASHELLS;2028.0;1
125900;;;SQUID_INK;SEASHELLS;1954.0;1
126000;;;DJEMBES;SEASHELLS;13505.0;3
126200;;;JAMS;SEASHELLS;6606.0;6
126200;;;KELP;SEASHELLS;2028.0;1
126200;;;SQUID_INK;SEASHELLS;1956.0;1
126300;;;RAINFOREST_RESIN;SEASHELLS;10003.0;3
126400;;;JAMS;SEASHELLS;6608.0;9
126400;;;KELP;SEASHELLS;2031.0;2
126400;;;RAINFOREST_RESIN;SEASHELLS;10003.0;2
126400;;;SQUID_INK;SEASHELLS;1960.0;2
126500;;;CROISSANTS;SEASHELLS;4326.0;7
126500;;;DJEMBES;SEASHELLS;13503.0;1
126600;;;CROISSANTS;SEASHELLS;4327.0;5
126600;;;JAMS;SEASHELLS;6606.0;8
126600;;;KELP;SEASHELLS;2028.0;1
126600;;;RAINFOREST_RESIN;SEASHELLS;9992.0;8
126600;;;SQUID_INK;SEASHELLS;1955.0;1
126700;;;RAINFOREST_RESIN;SEASHELLS;9992.0;4
126800;;;JAMS;SEASHELLS;6608.0;7
126900;;;CROISSANTS;SEASHELLS;4325.0;7
126900;;;KELP;SEASHELLS;2031.0;1
126900;;;SQUID_INK;SEASHELLS;1959.0;1
127000;;;CROISSANTS;SEASHELLS;4325.0;7
127500;;;KELP;SEASHELLS;2031.0;2
127500;;;SQUID_INK;SEASHELLS;1958.0;2
127600;;;KELP;SEASHELLS;2028.0;2
127600;;;SQUID_INK;SEASHELLS;1955.0;2
127700;;;CROISSANTS;SEASHELLS;4325.0;6
127800;;;KELP;SEASHELLS;2029.0;5
127800;;;RAINFOREST_RESIN;SEASHELLS;9999.0;1
128100;;;DJEMBES;SEASHELLS;13504.0;2
128100;;;KELP;SEASHELLS;2029.0;2
128100;;;SQUID_INK;SEASHELLS;1956.0;2
128300;;;DJEMBES;SEASHELLS;13505.0;3
128400;;;KELP;SEASHELLS;2029.0;2
128400;;;SQUID_INK;SEASHELLS;1956.0;2
128500;;;JAMS;SEASHELLS;6607.0;6
128800;;;KELP;SEASHELLS;2032.0;8
128800;;;SQUID_INK;SEASHELLS;1960.0;8
128900;;;DJEMBES;SEASHELLS;13507.0;1
129000;;;DJEMBES;SEASHELLS;13506.0;2
129000;;;KELP;SEASHELLS;2028.0;1
129000;;;SQUID_INK;SEASHELLS;1957.0;1
129100;;;JAMS;SEASHELLS;6606.0;7
129200;;;KELP;SEASHELLS;2028.0;1
129200;;;SQUID_INK;SEASHELLS;1958.0;1
129400;;;KELP;SEASHELLS;2032.0;4
129400;;;SQUID_INK;SEASHELLS;1961.0;4
129700;;;SQUID_INK;SEASHELLS;1959.0;2
129800;;;CROISSANTS;SEASHELLS;4325.0;7
129800;;;KELP;SEASHELLS;2032.0;2
129800;;;RAINFOREST_RESIN;SEASHELLS;9999.0;1
129800;;;SQUID_INK;SEASHELLS;1961.0;2
130000;;;CROISSANTS;SEASHELLS;4326.0;5
130100;;;KELP;SEASHELLS;2031.0;1
130100;;;SQUID_INK;SEASHELLS;1961.0;1
130200;;;RAINFOREST_RESIN;SEASHELLS;10002.0;4
130400;;;JAMS;SEASHELLS;6608.0;7
130400;;;KELP;SEASHELLS;2029.0;3
130400;;;KELP;SEASHELLS;2032.0;1
130400;;;SQUID_INK;SEASHELLS;1959.0;3
130400;;;SQUID_INK;SEASHELLS;1961.0;1
130600;;;DJEMBES;SEASHELLS;13507.0;5
130700;;;KELP;SEASHELLS;2029.0;3
130700;;;KELP;SEASHELLS;2029.0;8
130700;;;SQUID_INK;SEASHELLS;1958.0;3
130700;;;SQUID_INK;SEASHELLS;1958.0;8
130800;;;DJEMBES;SEASHELLS;13507.0;3
130900;;;KELP;SEASHELLS;2029.0;1
130900;;;SQUID_INK;SEASHELLS;1960.0;1
131100;;;KELP;SEASHELLS;2029.0;1
131100;;;KELP;SEASHELLS;2029.0;2
131100;;;RAINFOREST_RESIN;SEASHELLS;10001.0;1
131100;;;SQUID_INK;SEASHELLS;1958.0;1
131100;;;SQUID_INK;SEASHELLS;1958.0;4
131200;;;KELP;SEASHELLS;2029.0;1
131200;;;SQUID_INK;SEASHELLS;1958.0;1
131500;;;KELP;SEASHELLS;2029.0;2
131500;;;SQUID_INK;SEASHELLS;1957.0;2
131800;;;JAMS;SEASHELLS;6609.0;3
131800;;;JAMS;SEASHELLS;6610.0;8
131900;;;KELP;SEASHELLS;2029.0;2
131900;;;SQUID_INK;SEASHELLS;1959.0;2
132000;;;CROISSANTS;SEASHELLS;4326.0;7
132000;;;JAMS;SEASHELLS;6609.0;12
132100;;;CROISSANTS;SEASHELLS;4325.0;5
132200;;;KELP;SEASHELLS;2032.0;1
132200;;;SQUID_INK;SEASHELLS;1963.0;1
132300;;;KELP;SEASHELLS;2030.0;1
132300;;;SQUID_INK;SEASHELLS;1961.0;1
132600;;;KELP;SEASHELLS;2029.0;1
132600;;;RAINFOREST_RESIN;SEASHELLS;10001.0;1
132600;;;SQUID_INK;SEASHELLS;1958.0;1
132800;;;KELP;SEASHELLS;2029.0;1
132800;;;RAINFOREST_RESIN;SEASHELLS;9992.0;5
132800;;;SQUID_INK;SEASHELLS;1959.0;1
132900;;;KELP;SEASHELLS;2031.0;1
132900;;;SQUID_INK;SEASHELLS;1960.0;1
133000;;;JAMS;SEASHELLS;6611.0;8
133200;;;DJEMBES;SEASHELLS;13516.0;4
133200;;;KELP;SEASHELLS;2031.0;1
133200;;;SQUID_INK;SEASHELLS;1960.0;1
133400;;;JAMS;SEASHELLS;6609.0;3
133400;;;RAINFOREST_RESIN;SEASHELLS;10008.0;2
133500;;;JAMS;SEASHELLS;6609.0;4
133500;;;PICNIC_BASKET1;SEASHELLS;59223.0;7
133500;;;PICNIC_BASKET2;SEASHELLS;30429.0;7
133600;;;KELP;SEASHELLS;2029.0;1
133600;;;KELP;SEASHELLS;2032.0;9
133600;;;PICNIC_BASKET1;SEASHELLS;59224.0;2
133600;;;PICNIC_BASKET2;SEASHELLS;30429.0;2
133600;;;SQUID_INK;SEASHELLS;1958.0;1
133600;;;SQUID_INK;SEASHELLS;1961.0;9
133700;;;DJEMBES;SEASHELLS;13514.0;5
133700;;;RAINFOREST_RESIN;SEASHELLS;9992.0;2
134000;;;DJEMBES;SEASHELLS;13515.0;5
134000;;;KELP;SEASHELLS;2029.0;1
134000;;;SQUID_INK;SEASHELLS;1958.0;1
134500;;;KELP;SEASHELLS;2031.0;1
134700;;;JAMS;SEASHELLS;6607.0;8
134800;;;KELP;SEASHELLS;2029.0;13
134800;;;SQUID_INK;SEASHELLS;1958.0;2
134800;;;SQUID_INK;SEASHELLS;1958.0;11
134900;;;JAMS;SEASHELLS;6606.0;6
134900;;;KELP;SEASHELLS;2029.0;4
134900;;;SQUID_INK;SEASHELLS;1957.0;4
135200;;;JAMS;SEASHELLS;6606.0;4
135200;;;RAINFOREST_RESIN;SEASHELLS;9998.0;1
135200;;;RAINFOREST_RESIN;SEASHELLS;9998.0;2
135300;;;CROISSANTS;SEASHELLS;4325.0;7
135500;;;PICNIC_BASKET2;SEASHELLS;30415.0;2
135500;;;RAINFOREST_RESIN;SEASHELLS;9998.0;1
135600;;;KELP;SEASHELLS;2033.0;5
135600;;;RAINFOREST_RESIN;SEASHELLS;10008.0;2
135600;;;SQUID_INK;SEASHELLS;1959.0;5
135800;;;KELP;SEASHELLS;2031.0;1
135800;;;PICNIC_BASKET1;SEASHELLS;59240.0;2
135800;;;PICNIC_BASKET1;SEASHELLS;59240.0;5
135800;;;PICNIC_BASKET1;SEASHELLS;59231.0;2
135800;;;PICNIC_BASKET2;SEASHELLS;30422.0;7
135800;;;SQUID_INK;SEASHELLS;1956.0;1
136100;;;KELP;SEASHELLS;2029.0;1
136100;;;RAINFOREST_RESIN;SEASHELLS;10001.0;1
136100;;;SQUID_INK;SEASHELLS;1955.0;1
136200;;;DJEMBES;SEASHELLS;13510.0;5
136200;;;JAMS;SEASHELLS;6607.0;9
136500;;;KELP;SEASHELLS;2029.0;1
136500;;;SQUID_INK;SEASHELLS;1954.0;1
136600;;;DJEMBES;SEASHELLS;13508.0;8
137100;;;KELP;SEASHELLS;2029.0;1
137200;;;KELP;SEASHELLS;2030.0;5
137200;;;SQUID_INK;SEASHELLS;1955.0;5
137400;;;JAMS;SEASHELLS;6605.0;6
137400;;;KELP;SEASHELLS;2029.0;1
137400;;;PICNIC_BASKET1;SEASHELLS;59228.0;7
137400;;;PICNIC_BASKET2;SEASHELLS;30410.0;7
137400;;;SQUID_INK;SEASHELLS;1955.0;1
137600;;;DJEMBES;SEASHELLS;13499.0;1
137700;;;KELP;SEASHELLS;2030.0;2
137700;;;SQUID_INK;SEASHELLS;1956.0;2
137800;;;KELP;SEASHELLS;2029.0;2
137800;;;SQUID_INK;SEASHELLS;1956.0;2
138000;;;RAINFOREST_RESIN;SEASHELLS;9997.0;4
138000;;;RAINFOREST_RESIN;SEASHELLS;9997.0;4
138100;;;RAINFOREST_RESIN;SEASHELLS;9992.0;2
138200;;;KELP;SEASHELLS;2032.0;1
138200;;;SQUID_INK;SEASHELLS;1958.0;1
138300;;;KELP;SEASHELLS;2030.0;1
138300;;;PICNIC_BASKET1;SEASHELLS;59252.0;8
138300;;;PICNIC_BASKET2;SEASHELLS;30408.0;8
138300;;;SQUID_INK;SEASHELLS;1956.0;1
138400;;;DJEMBES;SEASHELLS;13498.0;2
138500;;;JAMS;SEASHELLS;6605.0;8
138500;;;RAINFOREST_RESIN;SEASHELLS;10008.0;7
138600;;;KELP;SEASHELLS;2030.0;1
138600;;;KELP;SEASHELLS;2033.0;1
138600;;;SQUID_INK;SEASHELLS;1956.0;1
138600;;;SQUID_INK;SEASHELLS;1959.0;1
138700;;;PICNIC_BASKET1;SEASHELLS;59255.0;2
138700;;;PICNIC_BASKET1;SEASHELLS;59254.0;7
138700;;;PICNIC_BASKET2;SEASHELLS;30417.0;2
138700;;;PICNIC_BASKET2;SEASHELLS;30417.0;7
138800;;;CROISSANTS;SEASHELLS;4326.0;6
138800;;;DJEMBES;SEASHELLS;13497.0;3
138800;;;RAINFOREST_RESIN;SEASHELLS;10001.0;1
139100;;;CROISSANTS;SEASHELLS;4326.0;6
139300;;;KELP;SEASHELLS;2033.0;1
139300;;;SQUID_INK;SEASHELLS;1959.0;1
139400;;;KELP;SEASHELLS;2033.0;1
139400;;;SQUID_INK;SEASHELLS;1960.0;10
139700;;;JAMS;SEASHELLS;6603.0;8
140600;;;KELP;SEASHELLS;2030.0;1
140600;;;SQUID_INK;SEASHELLS;1955.0;1
140900;;;DJEMBES;SEASHELLS;13497.0;3
141000;;;DJEMBES;SEASHELLS;13494.0;4
141100;;;PICNIC_BASKET2;SEASHELLS;30421.0;1
141200;;;CROISSANTS;SEASHELLS;4326.0;6
141200;;;CROISSANTS;SEASHELLS;4326.0;6
141200;;;RAINFOREST_RESIN;SEASHELLS;10001.0;1
141300;;;JAMS;SEASHELLS;6601.0;5
141500;;;KELP;SEASHELLS;2030.0;1
141500;;;SQUID_INK;SEASHELLS;1955.0;1
141600;;;KELP;SEASHELLS;2032.0;4
141700;;;JAMS;SEASHELLS;6601.0;10
142000;;;CROISSANTS;SEASHELLS;4326.0;6
142000;;;JAMS;SEASHELLS;6604.0;4
142000;;;KELP;SEASHELLS;2030.0;9
142000;;;SQUID_INK;SEASHELLS;1953.0;9
142100;;;KELP;SEASHELLS;2032.0;1
142100;;;SQUID_INK;SEASHELLS;1956.0;1
142200;;;CROISSANTS;SEASHELLS;4327.0;6
142200;;;KELP;SEASHELLS;2030.0;1
142200;;;RAINFOREST_RESIN;SEASHELLS;10002.0;1
142200;;;RAINFOREST_RESIN;SEASHELLS;10002.0;3
142200;;;SQUID_INK;SEASHELLS;1954.0;1
142500;;;RAINFOREST_RESIN;SEASHELLS;10001.0;1
142700;;;DJEMBES;SEASHELLS;13488.0;2
143100;;;CROISSANTS;SEASHELLS;4325.0;7
143100;;;DJEMBES;SEASHELLS;13487.0;2
143200;;;JAMS;SEASHELLS;6602.0;5
143200;;;RAINFOREST_RESIN;SEASHELLS;9999.0;1
143300;;;DJEMBES;SEASHELLS;13491.0;3
143600;;;KELP;SEASHELLS;2030.0;3
143600;;;SQUID_INK;SEASHELLS;1954.0;3
143800;;;KELP;SEASHELLS;2030.0;1
143800;;;SQUID_INK;SEASHELLS;1955.0;1
143900;;;KELP;SEASHELLS;2030.0;1
143900;;;RAINFOREST_RESIN;SEASHELLS;9998.0;2
143900;;;SQUID_INK;SEASHELLS;1955.0;1
144100;;;KELP;SEASHELLS;2032.0;1
144100;;;SQUID_INK;SEASHELLS;1958.0;1
144200;;;JAMS;SEASHELLS;6604.0;9
144300;;;JAMS;SEASHELLS;6602.0;9
144400;;;KELP;SEASHELLS;2030.0;1
144400;;;SQUID_INK;SEASHELLS;1956.0;1
144600;;;KELP;SEASHELLS;2030.0;2
144600;;;SQUID_INK;SEASHELLS;1955.0;2
144700;;;RAINFOREST_RESIN;SEASHELLS;10008.0;5
145100;;;KELP;SEASHELLS;2033.0;1
145100;;;RAINFOREST_RESIN;SEASHELLS;9992.0;7
145100;;;SQUID_INK;SEASHELLS;1959.0;1
145200;;;KELP;SEASHELLS;2030.0;1
145200;;;RAINFOREST_RESIN;SEASHELLS;10008.0;6
145200;;;SQUID_INK;SEASHELLS;1955.0;1
145300;;;DJEMBES;SEASHELLS;13493.0;3
145400;;;DJEMBES;SEASHELLS;13496.0;5
145400;;;PICNIC_BASKET1;SEASHELLS;59222.0;1
145400;;;PICNIC_BASKET1;SEASHELLS;59221.0;7
145400;;;PICNIC_BASKET2;SEASHELLS;30437.0;1
145400;;;PICNIC_BASKET2;SEASHELLS;30436.0;7
145500;;;CROISSANTS;SEASHELLS;4323.0;8
145500;;;RAINFOREST_RESIN;SEASHELLS;10001.0;1
145600;;;KELP;SEASHELLS;2031.0;1
145600;;;KELP;SEASHELLS;2031.0;1
145600;;;SQUID_INK;SEASHELLS;1957.0;1
145600;;;SQUID_INK;SEASHELLS;1957.0;1
145800;;;JAMS;SEASHELLS;6605.0;4
145900;;;KELP;SEASHELLS;2030.0;2
145900;;;RAINFOREST_RESIN;SEASHELLS;9999.0;1
145900;;;SQUID_INK;SEASHELLS;1955.0;2
146000;;;CROISSANTS;SEASHELLS;4323.0;7
146000;;;PICNIC_BASKET1;SEASHELLS;59230.0;2
146000;;;PICNIC_BASKET2;SEASHELLS;30439.0;8
146200;;;RAINFOREST_RESIN;SEASHELLS;9992.0;1
146300;;;JAMS;SEASHELLS;6606.0;8
146400;;;KELP;SEASHELLS;2030.0;2
146400;;;RAINFOREST_RESIN;SEASHELLS;10008.0;2
146400;;;SQUID_INK;SEASHELLS;1954.0;2
146400;;;SQUID_INK;SEASHELLS;1954.0;1
146700;;;JAMS;SEASHELLS;6604.0;4
146800;;;RAINFOREST_RESIN;SEASHELLS;9999.0;1
147000;;;CROISSANTS;SEASHELLS;4322.0;6
147000;;;KELP;SEASHELLS;2033.0;2
147000;;;KELP;SEASHELLS;2032.0;1
147000;;;SQUID_INK;SEASHELLS;1956.0;2
147000;;;SQUID_INK;SEASHELLS;1955.0;1
147100;;;PICNIC_BASKET2;SEASHELLS;30435.0;2
147100;;;RAINFOREST_RESIN;SEASHELLS;10002.0;4
147200;;;KELP;SEASHELLS;2032.0;1
147200;;;SQUID_INK;SEASHELLS;1955.0;1
147300;;;RAINFOREST_RESIN;SEASHELLS;9997.0;3
147400;;;KELP;SEASHELLS;2030.0;1
147400;;;SQUID_INK;SEASHELLS;1953.0;1
147500;;;KELP;SEASHELLS;2032.0;1
147500;;;SQUID_INK;SEASHELLS;1954.0;1
147600;;;JAMS;SEASHELLS;6606.0;6
147700;;;CROISSANTS;SEASHELLS;4322.0;6
147800;;;JAMS;SEASHELLS;6605.0;5
148100;;;SQUID_INK;SEASHELLS;1951.0;1
148200;;;DJEMBES;SEASHELLS;13491.0;5
148200;;;KELP;SEASHELLS;2033.0;2
148200;;;KELP;SEASHELLS;2032.0;1
148200;;;SQUID_INK;SEASHELLS;1953.0;2
148200;;;SQUID_INK;SEASHELLS;1952.0;1
148300;;;DJEMBES;SEASHELLS;13490.0;5
148600;;;DJEMBES;SEASHELLS;13488.0;3
148700;;;KELP;SEASHELLS;2032.0;1
148700;;;PICNIC_BASKET1;SEASHELLS;59210.0;2
148700;;;PICNIC_BASKET2;SEASHELLS;30437.0;2
148700;;;RAINFOREST_RESIN;SEASHELLS;9998.0;3
148700;;;SQUID_INK;SEASHELLS;1956.0;1
148900;;;KELP;SEASHELLS;2031.0;3
148900;;;SQUID_INK;SEASHELLS;1957.0;3
149000;;;JAMS;SEASHELLS;6605.0;6
149000;;;KELP;SEASHELLS;2029.0;1
149000;;;SQUID_INK;SEASHELLS;1955.0;1
149100;;;KELP;SEASHELLS;2029.0;1
149100;;;SQUID_INK;SEASHELLS;1955.0;1
149200;;;JAMS;SEASHELLS;6604.0;10
149400;;;KELP;SEASHELLS;2029.0;4
149400;;;SQUID_INK;SEASHELLS;1956.0;4
149500;;;KELP;SEASHELLS;2029.0;1
149500;;;SQUID_INK;SEASHELLS;1955.0;1
149600;;;CROISSANTS;SEASHELLS;4323.0;7
149700;;;DJEMBES;SEASHELLS;13487.0;11
149900;;;RAINFOREST_RESIN;SEASHELLS;9992.0;5
150400;;;CROISSANTS;SEASHELLS;4321.0;8
150600;;;RAINFOREST_RESIN;SEASHELLS;10008.0;2
150700;;;CROISSANTS;SEASHELLS;4321.0;6
150700;;;JAMS;SEASHELLS;6607.0;9
150900;;;RAINFOREST_RESIN;SEASHELLS;10008.0;6
151300;;;CROISSANTS;SEASHELLS;4322.0;8
151500;;;KELP;SEASHELLS;2033.0;12
151500;;;KELP;SEASHELLS;2033.0;1
151500;;;PICNIC_BASKET1;SEASHELLS;59219.0;2
151500;;;PICNIC_BASKET2;SEASHELLS;30445.0;2
151500;;;SQUID_INK;SEASHELLS;1961.0;12
151500;;;SQUID_INK;SEASHELLS;1961.0;1
151600;;;KELP;SEASHELLS;2031.0;1
151600;;;PICNIC_BASKET1;SEASHELLS;59221.0;1
151600;;;PICNIC_BASKET2;SEASHELLS;30441.0;5
151600;;;SQUID_INK;SEASHELLS;1959.0;1
151700;;;SQUID_INK;SEASHELLS;1959.0;1
151900;;;RAINFOREST_RESIN;SEASHELLS;9992.0;5
152000;;;CROISSANTS;SEASHELLS;4320.0;5
152000;;;DJEMBES;SEASHELLS;13491.0;3
152000;;;SQUID_INK;SEASHELLS;1960.0;3
152100;;;KELP;SEASHELLS;2032.0;1
152100;;;RAINFOREST_RESIN;SEASHELLS;9999.0;1
152100;;;SQUID_INK;SEASHELLS;1959.0;1
152200;;;RAINFOREST_RESIN;SEASHELLS;9992.0;5
152500;;;CROISSANTS;SEASHELLS;4321.0;5
152600;;;PICNIC_BASKET1;SEASHELLS;59243.0;1
152600;;;PICNIC_BASKET2;SEASHELLS;30446.0;1
152800;;;KELP;SEASHELLS;2032.0;1
152800;;;SQUID_INK;SEASHELLS;1961.0;1
152900;;;CROISSANTS;SEASHELLS;4319.0;5
153000;;;CROISSANTS;SEASHELLS;4320.0;5
153100;;;JAMS;SEASHELLS;6610.0;10
153300;;;RAINFOREST_RESIN;SEASHELLS;9992.0;4
153400;;;SQUID_INK;SEASHELLS;1962.0;3
153500;;;DJEMBES;SEASHELLS;13491.0;3
153500;;;KELP;SEASHELLS;2030.0;1
153500;;;PICNIC_BASKET1;SEASHELLS;59249.0;6
153500;;;PICNIC_BASKET2;SEASHELLS;30446.0;6
153500;;;SQUID_INK;SEASHELLS;1961.0;1
153600;;;CROISSANTS;SEASHELLS;4320.0;4
153600;;;KELP;SEASHELLS;2030.0;1
153600;;;SQUID_INK;SEASHELLS;1961.0;1
153900;;;RAINFOREST_RESIN;SEASHELLS;9998.0;4
154000;;;CROISSANTS;SEASHELLS;4319.0;6
154000;;;KELP;SEASHELLS;2032.0;1
154000;;;SQUID_INK;SEASHELLS;1962.0;1
154100;;;JAMS;SEASHELLS;6612.0;10
154200;;;CROISSANTS;SEASHELLS;4321.0;7
154200;;;KELP;SEASHELLS;2030.0;2
154200;;;PICNIC_BASKET2;SEASHELLS;30448.0;2
154200;;;SQUID_INK;SEASHELLS;1959.0;1
154200;;;SQUID_INK;SEASHELLS;1959.0;1
154400;;;RAINFOREST_RESIN;SEASHELLS;10008.0;2
154400;;;RAINFOREST_RESIN;SEASHELLS;10001.0;1
154700;;;CROISSANTS;SEASHELLS;4320.0;8
154900;;;JAMS;SEASHELLS;6611.0;5
154900;;;KELP;SEASHELLS;2032.0;3
154900;;;SQUID_INK;SEASHELLS;1960.0;3
155000;;;JAMS;SEASHELLS;6612.0;10
155000;;;JAMS;SEASHELLS;6612.0;5
155100;;;KELP;SEASHELLS;2030.0;1
155100;;;KELP;SEASHELLS;2033.0;6
155100;;;SQUID_INK;SEASHELLS;1957.0;1
155100;;;SQUID_INK;SEASHELLS;1960.0;6
155200;;;KELP;SEASHELLS;2030.0;1
155200;;;KELP;SEASHELLS;2033.0;1
155200;;;SQUID_INK;SEASHELLS;1957.0;1
155200;;;SQUID_INK;SEASHELLS;1960.0;1
155600;;;CROISSANTS;SEASHELLS;4319.0;7
155600;;;KELP;SEASHELLS;2030.0;1
155600;;;SQUID_INK;SEASHELLS;1959.0;1
155700;;;RAINFOREST_RESIN;SEASHELLS;9992.0;7
155800;;;RAINFOREST_RESIN;SEASHELLS;10008.0;4
156000;;;KELP;SEASHELLS;2033.0;7
156000;;;RAINFOREST_RESIN;SEASHELLS;10008.0;6
156000;;;SQUID_INK;SEASHELLS;1961.0;7
156100;;;DJEMBES;SEASHELLS;13494.0;5
156200;;;DJEMBES;SEASHELLS;13493.0;4
156400;;;CROISSANTS;SEASHELLS;4321.0;6
156400;;;KELP;SEASHELLS;2033.0;15
156400;;;KELP;SEASHELLS;2032.0;5
156400;;;SQUID_INK;SEASHELLS;1962.0;15
156500;;;JAMS;SEASHELLS;6613.0;9
156600;;;CROISSANTS;SEASHELLS;4319.0;5
156800;;;KELP;SEASHELLS;2032.0;2
156800;;;KELP;SEASHELLS;2032.0;5
156800;;;SQUID_INK;SEASHELLS;1961.0;2
156800;;;SQUID_INK;SEASHELLS;1961.0;5
156900;;;JAMS;SEASHELLS;6614.0;9
156900;;;KELP;SEASHELLS;2033.0;1
156900;;;SQUID_INK;SEASHELLS;1960.0;1
157000;;;PICNIC_BASKET1;SEASHELLS;59270.0;3
157000;;;PICNIC_BASKET2;SEASHELLS;30452.0;3
157100;;;CROISSANTS;SEASHELLS;4321.0;6
157400;;;KELP;SEASHELLS;2030.0;1
157400;;;KELP;SEASHELLS;2033.0;11
157400;;;KELP;SEASHELLS;2030.0;1
157400;;;SQUID_INK;SEASHELLS;1955.0;1
157400;;;SQUID_INK;SEASHELLS;1958.0;11
157400;;;SQUID_INK;SEASHELLS;1955.0;1
157600;;;DJEMBES;SEASHELLS;13494.0;4
157600;;;JAMS;SEASHELLS;6613.0;7
157600;;;KELP;SEASHELLS;2033.0;10
157600;;;SQUID_INK;SEASHELLS;1959.0;10
157700;;;KELP;SEASHELLS;2029.0;14
157700;;;SQUID_INK;SEASHELLS;1955.0;14
157800;;;CROISSANTS;SEASHELLS;4319.0;7
157900;;;RAINFOREST_RESIN;SEASHELLS;9992.0;4
158000;;;JAMS;SEASHELLS;6615.0;9
158100;;;DJEMBES;SEASHELLS;13494.0;3
158400;;;KELP;SEASHELLS;2033.0;2
158400;;;SQUID_INK;SEASHELLS;1957.0;2
158500;;;CROISSANTS;SEASHELLS;4321.0;6
158500;;;RAINFOREST_RESIN;SEASHELLS;10008.0;2
158500;;;RAINFOREST_RESIN;SEASHELLS;10002.0;5
158600;;;PICNIC_BASKET1;SEASHELLS;59284.0;2
158600;;;PICNIC_BASKET2;SEASHELLS;30473.0;2
158700;;;KELP;SEASHELLS;2032.0;1
158700;;;SQUID_INK;SEASHELLS;1956.0;1
158800;;;PICNIC_BASKET1;SEASHELLS;59291.0;1
158800;;;PICNIC_BASKET2;SEASHELLS;30470.0;10
159000;;;CROISSANTS;SEASHELLS;4320.0;8
159000;;;KELP;SEASHELLS;2032.0;1
159000;;;PICNIC_BASKET1;SEASHELLS;59291.0;1
159000;;;PICNIC_BASKET2;SEASHELLS;30470.0;1
159000;;;SQUID_INK;SEASHELLS;1957.0;1
159100;;;RAINFOREST_RESIN;SEASHELLS;10008.0;1
159200;;;KELP;SEASHELLS;2030.0;1
159200;;;RAINFOREST_RESIN;SEASHELLS;9992.0;1
159200;;;SQUID_INK;SEASHELLS;1955.0;1
159300;;;JAMS;SEASHELLS;6615.0;6
159300;;;KELP;SEASHELLS;2030.0;1
159300;;;SQUID_INK;SEASHELLS;1955.0;1
159400;;;KELP;SEASHELLS;2032.0;1
159400;;;SQUID_INK;SEASHELLS;1958.0;1
159500;;;KELP;SEASHELLS;2032.0;1
159500;;;RAINFOREST_RESIN;SEASHELLS;10001.0;1
159500;;;SQUID_INK;SEASHELLS;1959.0;1
159700;;;KELP;SEASHELLS;2033.0;1
159700;;;KELP;SEASHELLS;2033.0;3
159700;;;SQUID_INK;SEASHELLS;1960.0;4
160200;;;RAINFOREST_RESIN;SEASHELLS;9992.0;5
160300;;;DJEMBES;SEASHELLS;13496.0;1
160300;;;JAMS;SEASHELLS;6618.0;10
160700;;;KELP;SEASHELLS;2031.0;2
160700;;;KELP;SEASHELLS;2031.0;2
160700;;;SQUID_INK;SEASHELLS;1962.0;4
160900;;;JAMS;SEASHELLS;6619.0;5
161000;;;KELP;SEASHELLS;2031.0;1
161000;;;KELP;SEASHELLS;2031.0;2
161000;;;SQUID_INK;SEASHELLS;1964.0;1
161000;;;SQUID_INK;SEASHELLS;1964.0;2
161100;;;CROISSANTS;SEASHELLS;4320.0;5
161200;;;PICNIC_BASKET1;SEASHELLS;59305.0;2
161200;;;PICNIC_BASKET2;SEASHELLS;30476.0;2
161200;;;RAINFOREST_RESIN;SEASHELLS;9992.0;5
161400;;;DJEMBES;SEASHELLS;13497.0;1
161500;;;KELP;SEASHELLS;2033.0;1
161500;;;SQUID_INK;SEASHELLS;1964.0;1
161600;;;CROISSANTS;SEASHELLS;4320.0;10
161800;;;RAINFOREST_RESIN;SEASHELLS;9992.0;2
162100;;;JAMS;SEASHELLS;6619.0;4
162400;;;RAINFOREST_RESIN;SEASHELLS;9992.0;8
162500;;;JAMS;SEASHELLS;6619.0;7
162700;;;RAINFOREST_RESIN;SEASHELLS;9992.0;2
162800;;;RAINFOREST_RESIN;SEASHELLS;10008.0;4
162800;;;RAINFOREST_RESIN;SEASHELLS;10001.0;1
162900;;;JAMS;SEASHELLS;6619.0;7
163000;;;JAMS;SEASHELLS;6619.0;4
163100;;;KELP;SEASHELLS;2030.0;1
163100;;;KELP;SEASHELLS;2032.0;6
163100;;;SQUID_INK;SEASHELLS;1962.0;1
163200;;;RAINFOREST_RESIN;SEASHELLS;10008.0;2
163400;;;JAMS;SEASHELLS;6619.0;8
163400;;;KELP;SEASHELLS;2033.0;1
163400;;;KELP;SEASHELLS;2033.0;1
163400;;;SQUID_INK;SEASHELLS;1965.0;2
163400;;;SQUID_INK;SEASHELLS;1964.0;4
163500;;;JAMS;SEASHELLS;6620.0;6
163500;;;RAINFOREST_RESIN;SEASHELLS;10008.0;4
163600;;;RAINFOREST_RESIN;SEASHELLS;9992.0;1
163800;;;PICNIC_BASKET1;SEASHELLS;59307.0;2
163800;;;PICNIC_BASKET1;SEASHELLS;59307.0;1
163800;;;PICNIC_BASKET2;SEASHELLS;30483.0;2
163800;;;PICNIC_BASKET2;SEASHELLS;30482.0;1
164000;;;CROISSANTS;SEASHELLS;4323.0;6
164000;;;KELP;SEASHELLS;2033.0;1
164000;;;KELP;SEASHELLS;2032.0;2
164000;;;SQUID_INK;SEASHELLS;1963.0;3
164100;;;RAINFOREST_RESIN;SEASHELLS;10008.0;2
164200;;;KELP;SEASHELLS;2034.0;14
164200;;;SQUID_INK;SEASHELLS;1964.0;14
164300;;;CROISSANTS;SEASHELLS;4322.0;8
164400;;;KELP;SEASHELLS;2033.0;1
164400;;;SQUID_INK;SEASHELLS;1962.0;1
164900;;;KELP;SEASHELLS;2031.0;8
164900;;;KELP;SEASHELLS;2034.0;1
164900;;;SQUID_INK;SEASHELLS;1960.0;8
164900;;;SQUID_INK;SEASHELLS;1963.0;1
165000;;;RAINFOREST_RESIN;SEASHELLS;10008.0;2
165200;;;PICNIC_BASKET1;SEASHELLS;59308.0;1
165200;;;PICNIC_BASKET2;SEASHELLS;30490.0;1
165400;;;JAMS;SEASHELLS;6618.0;6
165400;;;RAINFOREST_RESIN;SEASHELLS;10008.0;2
165600;;;KELP;SEASHELLS;2032.0;3
165600;;;PICNIC_BASKET1;SEASHELLS;59296.0;8
165600;;;PICNIC_BASKET2;SEASHELLS;30474.0;8
165700;;;KELP;SEASHELLS;2033.0;1
165800;;;DJEMBES;SEASHELLS;13494.0;5
165800;;;KELP;SEASHELLS;2031.0;1
165800;;;SQUID_INK;SEASHELLS;1957.0;1
165800;;;SQUID_INK;SEASHELLS;1960.0;1
166000;;;RAINFOREST_RESIN;SEASHELLS;10002.0;2
166200;;;RAINFOREST_RESIN;SEASHELLS;10001.0;1
166300;;;RAINFOREST_RESIN;SEASHELLS;10008.0;1
166500;;;KELP;SEASHELLS;2031.0;1
166500;;;RAINFOREST_RESIN;SEASHELLS;10008.0;7
166500;;;RAINFOREST_RESIN;SEASHELLS;10001.0;1
166500;;;SQUID_INK;SEASHELLS;1957.0;1
166700;;;JAMS;SEASHELLS;6618.0;11
166700;;;RAINFOREST_RESIN;SEASHELLS;10001.0;1
166900;;;JAMS;SEASHELLS;6619.0;7
167000;;;DJEMBES;SEASHELLS;13492.0;5
167100;;;KELP;SEASHELLS;2031.0;2
167100;;;SQUID_INK;SEASHELLS;1957.0;2
167200;;;JAMS;SEASHELLS;6618.0;5
167300;;;JAMS;SEASHELLS;6619.0;8
167400;;;KELP;SEASHELLS;2033.0;1
167400;;;SQUID_INK;SEASHELLS;1960.0;1
167500;;;JAMS;SEASHELLS;6620.0;6
167600;;;DJEMBES;SEASHELLS;13490.0;5
167800;;;KELP;SEASHELLS;2031.0;7
167800;;;SQUID_INK;SEASHELLS;1958.0;7
168000;;;RAINFOREST_RESIN;SEASHELLS;10008.0;6
168000;;;RAINFOREST_RESIN;SEASHELLS;9997.0;2
168100;;;CROISSANTS;SEASHELLS;4323.0;6
168200;;;CROISSANTS;SEASHELLS;4323.0;7
168200;;;KELP;SEASHELLS;2031.0;14
168200;;;KELP;SEASHELLS;2033.0;2
168200;;;SQUID_INK;SEASHELLS;1958.0;14
168200;;;SQUID_INK;SEASHELLS;1960.0;2
168300;;;CROISSANTS;SEASHELLS;4322.0;5
168500;;;RAINFOREST_RESIN;SEASHELLS;9998.0;3
168700;;;KELP;SEASHELLS;2034.0;11
168700;;;RAINFOREST_RESIN;SEASHELLS;9998.0;5
168700;;;SQUID_INK;SEASHELLS;1960.0;11
168900;;;RAINFOREST_RESIN;SEASHELLS;9999.0;1
169000;;;KELP;SEASHELLS;2031.0;10
169000;;;SQUID_INK;SEASHELLS;1954.0;10
169200;;;KELP;SEASHELLS;2030.0;2
169200;;;SQUID_INK;SEASHELLS;1952.0;2
169300;;;CROISSANTS;SEASHELLS;4322.0;9
169300;;;SQUID_INK;SEASHELLS;1951.0;4
169500;;;JAMS;SEASHELLS;6618.0;6
169500;;;RAINFOREST_RESIN;SEASHELLS;10001.0;1
169800;;;CROISSANTS;SEASHELLS;4323.0;5
169900;;;CROISSANTS;SEASHELLS;4323.0;6
170000;;;RAINFOREST_RESIN;SEASHELLS;9999.0;1
170100;;;KELP;SEASHELLS;2031.0;1
170100;;;SQUID_INK;SEASHELLS;1953.0;1
170300;;;DJEMBES;SEASHELLS;13488.0;1
170400;;;RAINFOREST_RESIN;SEASHELLS;10008.0;2
170500;;;JAMS;SEASHELLS;6618.0;5
170600;;;RAINFOREST_RESIN;SEASHELLS;9992.0;2
170700;;;DJEMBES;SEASHELLS;13490.0;2
170900;;;JAMS;SEASHELLS;6620.0;4
171100;;;RAINFOREST_RESIN;SEASHELLS;9992.0;1
171200;;;CROISSANTS;SEASHELLS;4320.0;9
171200;;;JAMS;SEASHELLS;6618.0;7
171300;;;SQUID_INK;SEASHELLS;1954.0;1
171500;;;RAINFOREST_RESIN;SEASHELLS;10008.0;1
171600;;;CROISSANTS;SEASHELLS;4321.0;7
171600;;;KELP;SEASHELLS;2033.0;1
171600;;;SQUID_INK;SEASHELLS;1956.0;1
171800;;;KELP;SEASHELLS;2033.0;1
171800;;;SQUID_INK;SEASHELLS;1956.0;1
171900;;;PICNIC_BASKET1;SEASHELLS;59293.0;5
171900;;;PICNIC_BASKET2;SEASHELLS;30456.0;5
171900;;;RAINFOREST_RESIN;SEASHELLS;9992.0;4
172000;;;JAMS;SEASHELLS;6618.0;10
172000;;;RAINFOREST_RESIN;SEASHELLS;10008.0;5
172100;;;JAMS;SEASHELLS;6619.0;10
172300;;;KELP;SEASHELLS;2031.0;14
172300;;;RAINFOREST_RESIN;SEASHELLS;9999.0;1
172300;;;SQUID_INK;SEASHELLS;1953.0;14
172400;;;RAINFOREST_RESIN;SEASHELLS;10008.0;2
172500;;;KELP;SEASHELLS;2030.0;9
172500;;;SQUID_INK;SEASHELLS;1953.0;9
172600;;;DJEMBES;SEASHELLS;13487.0;5
172600;;;KELP;SEASHELLS;2034.0;1
172600;;;SQUID_INK;SEASHELLS;1957.0;1
172700;;;CROISSANTS;SEASHELLS;4321.0;8
172800;;;KELP;SEASHELLS;2030.0;1
172800;;;SQUID_INK;SEASHELLS;1953.0;1
173000;;;KELP;SEASHELLS;2030.0;2
173000;;;SQUID_INK;SEASHELLS;1951.0;2
173100;;;KELP;SEASHELLS;2030.0;1
173100;;;SQUID_INK;SEASHELLS;1952.0;1
173300;;;KELP;SEASHELLS;2033.0;1
173300;;;KELP;SEASHELLS;2034.0;2
173300;;;RAINFOREST_RESIN;SEASHELLS;9992.0;1
173300;;;SQUID_INK;SEASHELLS;1957.0;15
173300;;;SQUID_INK;SEASHELLS;1957.0;2
173600;;;KELP;SEASHELLS;2032.0;1
173600;;;SQUID_INK;SEASHELLS;1957.0;1
173700;;;CROISSANTS;SEASHELLS;4320.0;10
173900;;;CROISSANTS;SEASHELLS;4320.0;8
173900;;;JAMS;SEASHELLS;6617.0;6
174100;;;RAINFOREST_RESIN;SEASHELLS;10008.0;6
174300;;;JAMS;SEASHELLS;6615.0;4
174400;;;CROISSANTS;SEASHELLS;4320.0;6
174400;;;DJEMBES;SEASHELLS;13483.0;2
174400;;;KELP;SEASHELLS;2030.0;2
174400;;;KELP;SEASHELLS;2031.0;3
174400;;;SQUID_INK;SEASHELLS;1956.0;2
174400;;;SQUID_INK;SEASHELLS;1955.0;2
174400;;;SQUID_INK;SEASHELLS;1956.0;1
174800;;;KELP;SEASHELLS;2030.0;1
174800;;;SQUID_INK;SEASHELLS;1955.0;1
175000;;;DJEMBES;SEASHELLS;13485.0;3
175000;;;RAINFOREST_RESIN;SEASHELLS;9992.0;5
175200;;;JAMS;SEASHELLS;6616.0;6
175700;;;DJEMBES;SEASHELLS;13483.0;2
175800;;;DJEMBES;SEASHELLS;13483.0;3
175800;;;JAMS;SEASHELLS;6614.0;5
175800;;;RAINFOREST_RESIN;SEASHELLS;10002.0;3
175900;;;RAINFOREST_RESIN;SEASHELLS;9992.0;4
176000;;;JAMS;SEASHELLS;6613.0;10
176000;;;JAMS;SEASHELLS;6613.0;4
176700;;;KELP;SEASHELLS;2030.0;2
176700;;;SQUID_INK;SEASHELLS;1954.0;2
176800;;;JAMS;SEASHELLS;6613.0;6
176900;;;RAINFOREST_RESIN;SEASHELLS;9992.0;4
177000;;;KELP;SEASHELLS;2030.0;1
177000;;;SQUID_INK;SEASHELLS;1952.0;1
177100;;;JAMS;SEASHELLS;6615.0;5
177200;;;PICNIC_BASKET1;SEASHELLS;59232.0;2
177200;;;PICNIC_BASKET2;SEASHELLS;30464.0;9
177500;;;DJEMBES;SEASHELLS;13479.0;11
177500;;;RAINFOREST_RESIN;SEASHELLS;9999.0;1
177600;;;JAMS;SEASHELLS;6615.0;9
177600;;;PICNIC_BASKET1;SEASHELLS;59236.0;7
177600;;;PICNIC_BASKET2;SEASHELLS;30468.0;7
177800;;;DJEMBES;SEASHELLS;13477.0;7
177800;;;JAMS;SEASHELLS;6615.0;5
177900;;;KELP;SEASHELLS;2033.0;1
177900;;;SQUID_INK;SEASHELLS;1954.0;1
178000;;;RAINFOREST_RESIN;SEASHELLS;10002.0;5
178400;;;RAINFOREST_RESIN;SEASHELLS;9992.0;6
178600;;;CROISSANTS;SEASHELLS;4321.0;9
178800;;;KELP;SEASHELLS;2030.0;1
178800;;;SQUID_INK;SEASHELLS;1945.0;1
178900;;;DJEMBES;SEASHELLS;13478.0;1
179000;;;CROISSANTS;SEASHELLS;4322.0;5
179000;;;KELP;SEASHELLS;2033.0;13
179000;;;SQUID_INK;SEASHELLS;1948.0;13
179200;;;PICNIC_BASKET1;SEASHELLS;59232.0;1
179200;;;PICNIC_BASKET2;SEASHELLS;30467.0;8
179600;;;RAINFOREST_RESIN;SEASHELLS;10008.0;1
179600;;;SQUID_INK;SEASHELLS;1948.0;1
180000;;;DJEMBES;SEASHELLS;13481.0;1
180000;;;RAINFOREST_RESIN;SEASHELLS;9992.0;8
180100;;;CROISSANTS;SEASHELLS;4321.0;7
180100;;;KELP;SEASHELLS;2034.0;7
180100;;;RAINFOREST_RESIN;SEASHELLS;10001.0;1
180100;;;SQUID_INK;SEASHELLS;1950.0;7
180200;;;JAMS;SEASHELLS;6617.0;4
180200;;;RAINFOREST_RESIN;SEASHELLS;10001.0;1
180300;;;CROISSANTS;SEASHELLS;4321.0;7
180300;;;DJEMBES;SEASHELLS;13479.0;1
180300;;;KELP;SEASHELLS;2030.0;1
180300;;;RAINFOREST_RESIN;SEASHELLS;10002.0;4
180300;;;SQUID_INK;SEASHELLS;1942.0;1
180400;;;SQUID_INK;SEASHELLS;1946.0;1
180700;;;JAMS;SEASHELLS;6617.0;7
180700;;;RAINFOREST_RESIN;SEASHELLS;10008.0;6
180700;;;RAINFOREST_RESIN;SEASHELLS;10001.0;1
180900;;;KELP;SEASHELLS;2034.0;2
180900;;;SQUID_INK;SEASHELLS;1945.0;2
181200;;;DJEMBES;SEASHELLS;13476.0;3
181300;;;CROISSANTS;SEASHELLS;4321.0;6
181700;;;DJEMBES;SEASHELLS;13476.0;3
181700;;;KELP;SEASHELLS;2034.0;13
181700;;;SQUID_INK;SEASHELLS;1946.0;13
181800;;;RAINFOREST_RESIN;SEASHELLS;9992.0;2
181900;;;CROISSANTS;SEASHELLS;4323.0;5
181900;;;JAMS;SEASHELLS;6617.0;9
182200;;;KELP;SEASHELLS;2032.0;1
182200;;;SQUID_INK;SEASHELLS;1948.0;1
182300;;;SQUID_INK;SEASHELLS;1947.0;2
182400;;;JAMS;SEASHELLS;6619.0;8
182400;;;KELP;SEASHELLS;2032.0;1
182500;;;KELP;SEASHELLS;2033.0;1
182500;;;SQUID_INK;SEASHELLS;1950.0;1
182600;;;PICNIC_BASKET1;SEASHELLS;59261.0;7
182600;;;PICNIC_BASKET2;SEASHELLS;30486.0;7
182800;;;RAINFOREST_RESIN;SEASHELLS;9992.0;5
182900;;;CROISSANTS;SEASHELLS;4321.0;6
182900;;;KELP;SEASHELLS;2034.0;15
182900;;;SQUID_INK;SEASHELLS;1952.0;15
183000;;;RAINFOREST_RESIN;SEASHELLS;10008.0;1
183300;;;KELP;SEASHELLS;2031.0;1
183300;;;SQUID_INK;SEASHELLS;1950.0;1
183600;;;CROISSANTS;SEASHELLS;4321.0;8
183600;;;KELP;SEASHELLS;2033.0;7
183800;;;KELP;SEASHELLS;2031.0;1
183800;;;SQUID_INK;SEASHELLS;1949.0;1
183900;;;DJEMBES;SEASHELLS;13472.0;2
183900;;;RAINFOREST_RESIN;SEASHELLS;10000.0;2
184000;;;RAINFOREST_RESIN;SEASHELLS;9992.0;4
184100;;;CROISSANTS;SEASHELLS;4319.0;8
184100;;;PICNIC_BASKET1;SEASHELLS;59236.0;2
184100;;;PICNIC_BASKET2;SEASHELLS;30464.0;2
184500;;;JAMS;SEASHELLS;6617.0;10
184600;;;JAMS;SEASHELLS;6615.0;5
184600;;;PICNIC_BASKET1;SEASHELLS;59255.0;2
184600;;;PICNIC_BASKET2;SEASHELLS;30463.0;5
184800;;;JAMS;SEASHELLS;6616.0;4
184800;;;KELP;SEASHELLS;2033.0;1
184800;;;SQUID_INK;SEASHELLS;1956.0;1
185000;;;KELP;SEASHELLS;2031.0;2
185000;;;SQUID_INK;SEASHELLS;1955.0;2
185400;;;RAINFOREST_RESIN;SEASHELLS;10001.0;1
185500;;;JAMS;SEASHELLS;6615.0;4
185500;;;KELP;SEASHELLS;2031.0;2
185500;;;SQUID_INK;SEASHELLS;1956.0;2
185600;;;KELP;SEASHELLS;2031.0;12
185600;;;SQUID_INK;SEASHELLS;1956.0;12
185700;;;CROISSANTS;SEASHELLS;4318.0;8
185700;;;RAINFOREST_RESIN;SEASHELLS;10001.0;1
185800;;;KELP;SEASHELLS;2033.0;1
185800;;;SQUID_INK;SEASHELLS;1958.0;1
186100;;;RAINFOREST_RESIN;SEASHELLS;10008.0;1
186500;;;RAINFOREST_RESIN;SEASHELLS;10001.0;1
186600;;;RAINFOREST_RESIN;SEASHELLS;9998.0;4
187000;;;DJEMBES;SEASHELLS;13478.0;4
187000;;;KELP;SEASHELLS;2032.0;1
187000;;;RAINFOREST_RESIN;SEASHELLS;9992.0;8
187000;;;SQUID_INK;SEASHELLS;1952.0;1
187100;;;RAINFOREST_RESIN;SEASHELLS;10008.0;2
187300;;;KELP;SEASHELLS;2032.0;1
187300;;;SQUID_INK;SEASHELLS;1954.0;1
187600;;;DJEMBES;SEASHELLS;13483.0;4
187600;;;KELP;SEASHELLS;2032.0;1
187600;;;KELP;SEASHELLS;2032.0;1
187600;;;SQUID_INK;SEASHELLS;1953.0;1
187600;;;SQUID_INK;SEASHELLS;1953.0;1
187800;;;JAMS;SEASHELLS;6614.0;8
187800;;;PICNIC_BASKET1;SEASHELLS;59247.0;10
187800;;;PICNIC_BASKET2;SEASHELLS;30463.0;10
188200;;;KELP;SEASHELLS;2032.0;1
188200;;;KELP;SEASHELLS;2033.0;3
188200;;;SQUID_INK;SEASHELLS;1956.0;1
188400;;;DJEMBES;SEASHELLS;13488.0;3
188500;;;KELP;SEASHELLS;2036.0;1
188500;;;PICNIC_BASKET1;SEASHELLS;59268.0;10
188500;;;PICNIC_BASKET2;SEASHELLS;30464.0;10
188500;;;SQUID_INK;SEASHELLS;1960.0;1
188600;;;DJEMBES;SEASHELLS;13487.0;1
188600;;;PICNIC_BASKET1;SEASHELLS;59258.0;1
188600;;;PICNIC_BASKET2;SEASHELLS;30460.0;1
188600;;;RAINFOREST_RESIN;SEASHELLS;10001.0;1
188700;;;JAMS;SEASHELLS;6616.0;7
188900;;;DJEMBES;SEASHELLS;13487.0;8
189000;;;PICNIC_BASKET2;SEASHELLS;30462.0;1
189600;;;KELP;SEASHELLS;2034.0;2
189600;;;RAINFOREST_RESIN;SEASHELLS;10003.0;10
189600;;;SQUID_INK;SEASHELLS;1960.0;2
189900;;;PICNIC_BASKET1;SEASHELLS;59257.0;2
189900;;;PICNIC_BASKET1;SEASHELLS;59257.0;4
189900;;;PICNIC_BASKET2;SEASHELLS;30463.0;2
189900;;;PICNIC_BASKET2;SEASHELLS;30463.0;4
190000;;;DJEMBES;SEASHELLS;13489.0;1
190200;;;KELP;SEASHELLS;2033.0;1
190200;;;SQUID_INK;SEASHELLS;1958.0;1
190600;;;RAINFOREST_RESIN;SEASHELLS;9998.0;1
190800;;;KELP;SEASHELLS;2035.0;4
190800;;;RAINFOREST_RESIN;SEASHELLS;9992.0;6
190900;;;KELP;SEASHELLS;2033.0;2
190900;;;SQUID_INK;SEASHELLS;1958.0;2
191700;;;DJEMBES;SEASHELLS;13492.0;4
191700;;;PICNIC_BASKET1;SEASHELLS;59249.0;5
191700;;;PICNIC_BASKET2;SEASHELLS;30454.0;5
191700;;;RAINFOREST_RESIN;SEASHELLS;9998.0;3
191800;;;RAINFOREST_RESIN;SEASHELLS;9992.0;1
191900;;;RAINFOREST_RESIN;SEASHELLS;10008.0;1
192200;;;CROISSANTS;SEASHELLS;4320.0;5
192200;;;JAMS;SEASHELLS;6613.0;10
192200;;;KELP;SEASHELLS;2035.0;1
192200;;;SQUID_INK;SEASHELLS;1960.0;1
192400;;;CROISSANTS;SEASHELLS;4320.0;8
192400;;;KELP;SEASHELLS;2036.0;15
192400;;;RAINFOREST_RESIN;SEASHELLS;10001.0;1
192400;;;SQUID_INK;SEASHELLS;1960.0;15
192600;;;CROISSANTS;SEASHELLS;4320.0;6
192700;;;DJEMBES;SEASHELLS;13494.0;2
192800;;;RAINFOREST_RESIN;SEASHELLS;10001.0;1
192900;;;KELP;SEASHELLS;2033.0;2
192900;;;KELP;SEASHELLS;2033.0;2
192900;;;PICNIC_BASKET1;SEASHELLS;59263.0;2
192900;;;PICNIC_BASKET2;SEASHELLS;30441.0;2
192900;;;SQUID_INK;SEASHELLS;1959.0;2
192900;;;SQUID_INK;SEASHELLS;1959.0;2
193000;;;KELP;SEASHELLS;2032.0;1
193000;;;KELP;SEASHELLS;2032.0;1
193000;;;RAINFOREST_RESIN;SEASHELLS;10001.0;1
193000;;;SQUID_INK;SEASHELLS;1958.0;1
193000;;;SQUID_INK;SEASHELLS;1958.0;1
193100;;;KELP;SEASHELLS;2032.0;1
193100;;;SQUID_INK;SEASHELLS;1958.0;1
193200;;;KELP;SEASHELLS;2034.0;1
193200;;;SQUID_INK;SEASHELLS;1960.0;1
193300;;;JAMS;SEASHELLS;6607.0;10
193300;;;RAINFOREST_RESIN;SEASHELLS;9998.0;5
193700;;;DJEMBES;SEASHELLS;13495.0;1
193700;;;KELP;SEASHELLS;2035.0;8
193700;;;SQUID_INK;SEASHELLS;1961.0;8
193800;;;JAMS;SEASHELLS;6608.0;8
193900;;;JAMS;SEASHELLS;6607.0;9
193900;;;KELP;SEASHELLS;2034.0;1
193900;;;RAINFOREST_RESIN;SEASHELLS;10008.0;7
193900;;;SQUID_INK;SEASHELLS;1960.0;1
194000;;;KELP;SEASHELLS;2034.0;1
194000;;;SQUID_INK;SEASHELLS;1959.0;1
194100;;;JAMS;SEASHELLS;6607.0;4
194200;;;KELP;SEASHELLS;2032.0;1
194200;;;SQUID_INK;SEASHELLS;1958.0;1
194300;;;KELP;SEASHELLS;2032.0;1
194300;;;PICNIC_BASKET1;SEASHELLS;59263.0;1
194300;;;PICNIC_BASKET1;SEASHELLS;59262.0;2
194300;;;PICNIC_BASKET2;SEASHELLS;30438.0;3
194300;;;RAINFOREST_RESIN;SEASHELLS;10008.0;7
194300;;;SQUID_INK;SEASHELLS;1959.0;1
194500;;;RAINFOREST_RESIN;SEASHELLS;9992.0;1
194700;;;DJEMBES;SEASHELLS;13498.0;6
194800;;;KELP;SEASHELLS;2031.0;1
194800;;;RAINFOREST_RESIN;SEASHELLS;9992.0;1
194800;;;SQUID_INK;SEASHELLS;1961.0;1
194900;;;CROISSANTS;SEASHELLS;4320.0;7
194900;;;RAINFOREST_RESIN;SEASHELLS;10001.0;1
195000;;;DJEMBES;SEASHELLS;13498.0;3
195200;;;DJEMBES;SEASHELLS;13497.0;3
195200;;;RAINFOREST_RESIN;SEASHELLS;9997.0;9
195300;;;PICNIC_BASKET1;SEASHELLS;59281.0;1
195300;;;PICNIC_BASKET1;SEASHELLS;59281.0;4
195300;;;PICNIC_BASKET2;SEASHELLS;30437.0;5
195300;;;RAINFOREST_RESIN;SEASHELLS;9992.0;6
195300;;;SQUID_INK;SEASHELLS;1961.0;3
195500;;;SQUID_INK;SEASHELLS;1957.0;1
195600;;;KELP;SEASHELLS;2032.0;2
195600;;;SQUID_INK;SEASHELLS;1958.0;2
195900;;;JAMS;SEASHELLS;6611.0;6
196000;;;CROISSANTS;SEASHELLS;4319.0;7
196100;;;KELP;SEASHELLS;2033.0;6
196100;;;SQUID_INK;SEASHELLS;1957.0;6
196200;;;JAMS;SEASHELLS;6612.0;10
196300;;;DJEMBES;SEASHELLS;13498.0;5
196500;;;JAMS;SEASHELLS;6612.0;10
196700;;;JAMS;SEASHELLS;6612.0;8
196700;;;KELP;SEASHELLS;2034.0;1
196700;;;SQUID_INK;SEASHELLS;1957.0;1
196800;;;JAMS;SEASHELLS;6614.0;5
196800;;;RAINFOREST_RESIN;SEASHELLS;10008.0;4
197100;;;CROISSANTS;SEASHELLS;4319.0;7
197200;;;RAINFOREST_RESIN;SEASHELLS;10008.0;5
197500;;;DJEMBES;SEASHELLS;13495.0;2
197600;;;CROISSANTS;SEASHELLS;4321.0;7
197700;;;KELP;SEASHELLS;2032.0;1
197700;;;KELP;SEASHELLS;2032.0;1
197700;;;SQUID_INK;SEASHELLS;1956.0;1
197700;;;SQUID_INK;SEASHELLS;1956.0;1
197900;;;PICNIC_BASKET1;SEASHELLS;59320.0;5
197900;;;PICNIC_BASKET2;SEASHELLS;30458.0;5
198000;;;KELP;SEASHELLS;2032.0;1
198000;;;KELP;SEASHELLS;2032.0;14
198000;;;RAINFOREST_RESIN;SEASHELLS;9992.0;8
198000;;;SQUID_INK;SEASHELLS;1958.0;1
198200;;;DJEMBES;SEASHELLS;13496.0;3
198200;;;JAMS;SEASHELLS;6613.0;9
198400;;;DJEMBES;SEASHELLS;13497.0;3
198400;;;KELP;SEASHELLS;2033.0;2
198400;;;SQUID_INK;SEASHELLS;1960.0;2
198500;;;CROISSANTS;SEASHELLS;4320.0;4
198500;;;CROISSANTS;SEASHELLS;4320.0;6
198600;;;DJEMBES;SEASHELLS;13497.0;7
198600;;;PICNIC_BASKET1;SEASHELLS;59302.0;1
198600;;;PICNIC_BASKET2;SEASHELLS;30452.0;5
198700;;;DJEMBES;SEASHELLS;13498.0;1
198700;;;PICNIC_BASKET2;SEASHELLS;30456.0;1
199000;;;KELP;SEASHELLS;2033.0;1
199000;;;SQUID_INK;SEASHELLS;1958.0;1
199100;;;DJEMBES;SEASHELLS;13499.0;2
199300;;;KELP;SEASHELLS;2035.0;1
199300;;;SQUID_INK;SEASHELLS;1960.0;1
199500;;;RAINFOREST_RESIN;SEASHELLS;9997.0;6
199800;;;CROISSANTS;SEASHELLS;4319.0;7
200000;;;RAINFOREST_RESIN;SEASHELLS;9999.0;1
200100;;;KELP;SEASHELLS;2033.0;2
200100;;;SQUID_INK;SEASHELLS;1954.0;2
200200;;;CROISSANTS;SEASHELLS;4319.0;6
200200;;;KELP;SEASHELLS;2033.0;15
200200;;;SQUID_INK;SEASHELLS;1952.0;15
200300;;;KELP;SEASHELLS;2033.0;1
200300;;;SQUID_INK;SEASHELLS;1951.0;1
200300;;;SQUID_INK;SEASHELLS;1954.0;2
200400;;;KELP;SEASHELLS;2036.0;1
200400;;;SQUID_INK;SEASHELLS;1956.0;1
200800;;;JAMS;SEASHELLS;6615.0;4
200800;;;RAINFOREST_RESIN;SEASHELLS;9992.0;1
200900;;;SQUID_INK;SEASHELLS;1952.0;1
201200;;;DJEMBES;SEASHELLS;13499.0;1
201200;;;JAMS;SEASHELLS;6616.0;4
201500;;;PICNIC_BASKET1;SEASHELLS;59298.0;1
201700;;;DJEMBES;SEASHELLS;13500.0;4
202100;;;KELP;SEASHELLS;2032.0;1
202100;;;SQUID_INK;SEASHELLS;1956.0;1
202200;;;JAMS;SEASHELLS;6616.0;5
202200;;;RAINFOREST_RESIN;SEASHELLS;10003.0;10
202600;;;CROISSANTS;SEASHELLS;4318.0;8
202700;;;DJEMBES;SEASHELLS;13504.0;4
202900;;;DJEMBES;SEASHELLS;13502.0;1
202900;;;RAINFOREST_RESIN;SEASHELLS;9998.0;5
203000;;;CROISSANTS;SEASHELLS;4318.0;8
203000;;;KELP;SEASHELLS;2034.0;1
203000;;;SQUID_INK;SEASHELLS;1958.0;1
203100;;;JAMS;SEASHELLS;6614.0;7
203200;;;JAMS;SEASHELLS;6616.0;8
203400;;;CROISSANTS;SEASHELLS;4318.0;8
203400;;;JAMS;SEASHELLS;6616.0;9
203700;;;KELP;SEASHELLS;2034.0;1
203700;;;SQUID_INK;SEASHELLS;1955.0;1
203800;;;JAMS;SEASHELLS;6615.0;7
203800;;;JAMS;SEASHELLS;6615.0;5
203900;;;JAMS;SEASHELLS;6614.0;7
203900;;;KELP;SEASHELLS;2034.0;2
203900;;;SQUID_INK;SEASHELLS;1956.0;2
204000;;;KELP;SEASHELLS;2034.0;2
204000;;;SQUID_INK;SEASHELLS;1957.0;2
204200;;;KELP;SEASHELLS;2034.0;1
204200;;;SQUID_INK;SEASHELLS;1957.0;1
204300;;;CROISSANTS;SEASHELLS;4320.0;8
204400;;;JAMS;SEASHELLS;6615.0;4
204400;;;KELP;SEASHELLS;2034.0;1
204400;;;SQUID_INK;SEASHELLS;1959.0;1
204500;;;CROISSANTS;SEASHELLS;4319.0;5
204500;;;KELP;SEASHELLS;2034.0;1
204500;;;SQUID_INK;SEASHELLS;1959.0;1
204600;;;KELP;SEASHELLS;2034.0;4
204600;;;SQUID_INK;SEASHELLS;1959.0;4
204800;;;DJEMBES;SEASHELLS;13503.0;5
205000;;;KELP;SEASHELLS;2032.0;1
205000;;;KELP;SEASHELLS;2035.0;2
205000;;;RAINFOREST_RESIN;SEASHELLS;10001.0;1
205000;;;SQUID_INK;SEASHELLS;1957.0;1
205400;;;CROISSANTS;SEASHELLS;4320.0;5
205400;;;JAMS;SEASHELLS;6616.0;9
205400;;;KELP;SEASHELLS;2035.0;1
205400;;;SQUID_INK;SEASHELLS;1957.0;1
205700;;;DJEMBES;SEASHELLS;13503.0;4
205700;;;JAMS;SEASHELLS;6615.0;8
205700;;;JAMS;SEASHELLS;6616.0;6
206000;;;JAMS;SEASHELLS;6615.0;6
206000;;;PICNIC_BASKET1;SEASHELLS;59292.0;9
206000;;;PICNIC_BASKET2;SEASHELLS;30479.0;9
206100;;;CROISSANTS;SEASHELLS;4320.0;6
206400;;;KELP;SEASHELLS;2033.0;2
206400;;;SQUID_INK;SEASHELLS;1960.0;2
206500;;;PICNIC_BASKET1;SEASHELLS;59303.0;1
206500;;;PICNIC_BASKET2;SEASHELLS;30475.0;1
206700;;;KELP;SEASHELLS;2033.0;2
206700;;;KELP;SEASHELLS;2033.0;3
206700;;;SQUID_INK;SEASHELLS;1959.0;5
207000;;;CROISSANTS;SEASHELLS;4321.0;8
207000;;;KELP;SEASHELLS;2032.0;1
207000;;;SQUID_INK;SEASHELLS;1956.0;1
207100;;;CROISSANTS;SEASHELLS;4321.0;8
207200;;;PICNIC_BASKET1;SEASHELLS;59312.0;8
207200;;;PICNIC_BASKET2;SEASHELLS;30479.0;8
207300;;;KELP;SEASHELLS;2035.0;1
207300;;;RAINFOREST_RESIN;SEASHELLS;9997.0;3
207300;;;SQUID_INK;SEASHELLS;1957.0;1
207600;;;DJEMBES;SEASHELLS;13503.0;4
207600;;;KELP;SEASHELLS;2034.0;8
207700;;;DJEMBES;SEASHELLS;13502.0;1
207800;;;KELP;SEASHELLS;2035.0;15
207800;;;KELP;SEASHELLS;2034.0;1
207800;;;PICNIC_BASKET1;SEASHELLS;59303.0;8
207800;;;PICNIC_BASKET2;SEASHELLS;30484.0;8
207800;;;SQUID_INK;SEASHELLS;1958.0;15
207800;;;SQUID_INK;SEASHELLS;1957.0;1
207900;;;KELP;SEASHELLS;2032.0;1
207900;;;SQUID_INK;SEASHELLS;1955.0;1
208000;;;JAMS;SEASHELLS;6617.0;10
208000;;;KELP;SEASHELLS;2035.0;1
208000;;;SQUID_INK;SEASHELLS;1958.0;1
208100;;;CROISSANTS;SEASHELLS;4321.0;5
208100;;;KELP;SEASHELLS;2032.0;3
208100;;;KELP;SEASHELLS;2032.0;12
208100;;;KELP;SEASHELLS;2035.0;1
208100;;;PICNIC_BASKET1;SEASHELLS;59309.0;1
208100;;;PICNIC_BASKET2;SEASHELLS;30485.0;2
208100;;;RAINFOREST_RESIN;SEASHELLS;9992.0;4
208100;;;SQUID_INK;SEASHELLS;1955.0;3
208100;;;SQUID_INK;SEASHELLS;1955.0;12
208100;;;SQUID_INK;SEASHELLS;1958.0;1
208300;;;KELP;SEASHELLS;2032.0;1
208300;;;RAINFOREST_RESIN;SEASHELLS;10008.0;6
208300;;;SQUID_INK;SEASHELLS;1954.0;1
208600;;;RAINFOREST_RESIN;SEASHELLS;9992.0;9
208700;;;KELP;SEASHELLS;2032.0;1
208700;;;PICNIC_BASKET1;SEASHELLS;59322.0;2
208700;;;PICNIC_BASKET2;SEASHELLS;30486.0;8
208700;;;RAINFOREST_RESIN;SEASHELLS;10008.0;2
208700;;;SQUID_INK;SEASHELLS;1953.0;1
208800;;;RAINFOREST_RESIN;SEASHELLS;9999.0;1
208800;;;RAINFOREST_RESIN;SEASHELLS;10000.0;4
208900;;;DJEMBES;SEASHELLS;13501.0;1
208900;;;KELP;SEASHELLS;2032.0;2
208900;;;KELP;SEASHELLS;2032.0;1
208900;;;KELP;SEASHELLS;2033.0;2
208900;;;SQUID_INK;SEASHELLS;1953.0;2
208900;;;SQUID_INK;SEASHELLS;1953.0;1
208900;;;SQUID_INK;SEASHELLS;1954.0;2
209000;;;KELP;SEASHELLS;2034.0;1
209000;;;SQUID_INK;SEASHELLS;1953.0;1
209200;;;JAMS;SEASHELLS;6617.0;12
209400;;;RAINFOREST_RESIN;SEASHELLS;9992.0;1
209500;;;DJEMBES;SEASHELLS;13500.0;1
209500;;;RAINFOREST_RESIN;SEASHELLS;10008.0;4
209700;;;KELP;SEASHELLS;2031.0;1
209700;;;SQUID_INK;SEASHELLS;1943.0;1
210000;;;KELP;SEASHELLS;2031.0;3
210000;;;SQUID_INK;SEASHELLS;1946.0;3
210100;;;KELP;SEASHELLS;2031.0;1
210100;;;SQUID_INK;SEASHELLS;1945.0;1
210300;;;KELP;SEASHELLS;2030.0;1
210300;;;KELP;SEASHELLS;2034.0;1
210300;;;SQUID_INK;SEASHELLS;1946.0;1
210300;;;SQUID_INK;SEASHELLS;1949.0;1
