timestamp;buyer;seller;symbol;currency;price;quantity
0;;;KELP;SEASHELLS;2029.0;13
0;;;KELP;SEASHELLS;2029.0;1
0;;;SQUID_INK;SEASHELLS;2006.0;13
0;;;SQUID_INK;SEASHELLS;2006.0;1
100;;;CROISSANTS;SEASHELLS;4304.0;6
300;;;CROISSANTS;SEASHELLS;4305.0;6
400;;;DJEMBES;SEASHELLS;13452.0;1
400;;;JAMS;SEASHELLS;6671.0;9
500;;;PICNIC_BASKET1;SEASHELLS;59304.0;6
500;;;PICNIC_BASKET2;SEASHELLS;30623.0;6
600;;;CROISSANTS;SEASHELLS;4305.0;8
700;;;PICNIC_BASKET1;SEASHELLS;59304.0;2
700;;;PICNIC_BASKET2;SEASHELLS;30626.0;2
900;;;RAINFOREST_RESIN;SEASHELLS;9992.0;5
1200;;;JAMS;SEASHELLS;6674.0;6
1700;;;KELP;SEASHELLS;2026.0;8
1700;;;SQUID_INK;SEASHELLS;2009.0;8
1800;;;JAMS;SEASHELLS;6673.0;7
1900;;;KELP;SEASHELLS;2026.0;1
1900;;;SQUID_INK;SEASHELLS;2010.0;1
2000;;;DJEMBES;SEASHELLS;13449.0;4
2200;;;CROISSANTS;SEASHELLS;4304.0;6
2400;;;KELP;SEASHELLS;2025.0;1
2400;;;SQUID_INK;SEASHELLS;2009.0;1
2500;;;JAMS;SEASHELLS;6670.0;3
2700;;;CROISSANTS;SEASHELLS;4304.0;9
3000;;;KELP;SEASHELLS;2027.0;1
3000;;;SQUID_INK;SEASHELLS;2011.0;1
3100;;;KELP;SEASHELLS;2023.0;2
3100;;;SQUID_INK;SEASHELLS;2008.0;2
3200;;;JAMS;SEASHELLS;6672.0;9
3200;;;KELP;SEASHELLS;2023.0;2
3200;;;RAINFOREST_RESIN;SEASHELLS;10008.0;1
3200;;;SQUID_INK;SEASHELLS;2005.0;2
3500;;;DJEMBES;SEASHELLS;13447.0;4
3500;;;RAINFOREST_RESIN;SEASHELLS;9992.0;2
3500;;;RAINFOREST_RESIN;SEASHELLS;9999.0;1
3600;;;JAMS;SEASHELLS;6671.0;5
3700;;;RAINFOREST_RESIN;SEASHELLS;10008.0;1
3800;;;KELP;SEASHELLS;2023.0;14
3800;;;KELP;SEASHELLS;2023.0;1
3800;;;SQUID_INK;SEASHELLS;2007.0;2
3800;;;SQUID_INK;SEASHELLS;2006.0;1
3800;;;SQUID_INK;SEASHELLS;2007.0;12
3900;;;PICNIC_BASKET1;SEASHELLS;59306.0;1
3900;;;PICNIC_BASKET1;SEASHELLS;59305.0;3
3900;;;PICNIC_BASKET2;SEASHELLS;30615.0;1
3900;;;PICNIC_BASKET2;SEASHELLS;30614.0;3
4000;;;RAINFOREST_RESIN;SEASHELLS;10000.0;1
4100;;;JAMS;SEASHELLS;6671.0;6
4200;;;DJEMBES;SEASHELLS;13449.0;4
4300;;;KELP;SEASHELLS;2025.0;1
4300;;;KELP;SEASHELLS;2023.0;2
4300;;;SQUID_INK;SEASHELLS;2012.0;1
4300;;;SQUID_INK;SEASHELLS;2010.0;2
4400;;;DJEMBES;SEASHELLS;13448.0;1
4500;;;KELP;SEASHELLS;2023.0;1
4500;;;SQUID_INK;SEASHELLS;2010.0;1
4700;;;JAMS;SEASHELLS;6667.0;6
4700;;;KELP;SEASHELLS;2023.0;7
4800;;;KELP;SEASHELLS;2027.0;2
4800;;;SQUID_INK;SEASHELLS;2014.0;2
5100;;;DJEMBES;SEASHELLS;13446.0;2
5200;;;RAINFOREST_RESIN;SEASHELLS;10008.0;2
5300;;;KELP;SEASHELLS;2025.0;1
5300;;;SQUID_INK;SEASHELLS;2016.0;1
5500;;;CROISSANTS;SEASHELLS;4305.0;6
5600;;;JAMS;SEASHELLS;6668.0;9
5700;;;DJEMBES;SEASHELLS;13445.0;3
5700;;;KELP;SEASHELLS;2024.0;1
5700;;;SQUID_INK;SEASHELLS;2011.0;1
5900;;;CROISSANTS;SEASHELLS;4306.0;6
6100;;;JAMS;SEASHELLS;6667.0;6
6100;;;KELP;SEASHELLS;2024.0;1
6100;;;SQUID_INK;SEASHELLS;2016.0;1
6200;;;RAINFOREST_RESIN;SEASHELLS;10008.0;6
6600;;;RAINFOREST_RESIN;SEASHELLS;10000.0;4
6700;;;RAINFOREST_RESIN;SEASHELLS;9999.0;1
6800;;;DJEMBES;SEASHELLS;13449.0;5
6900;;;KELP;SEASHELLS;2026.0;1
6900;;;SQUID_INK;SEASHELLS;2021.0;1
7000;;;KELP;SEASHELLS;2027.0;2
7000;;;SQUID_INK;SEASHELLS;2023.0;2
7100;;;RAINFOREST_RESIN;SEASHELLS;9992.0;4
7300;;;KELP;SEASHELLS;2027.0;2
7300;;;SQUID_INK;SEASHELLS;2023.0;2
7400;;;KELP;SEASHELLS;2024.0;1
7400;;;SQUID_INK;SEASHELLS;2021.0;1
7700;;;KELP;SEASHELLS;2024.0;1
7700;;;RAINFOREST_RESIN;SEASHELLS;10001.0;1
7700;;;SQUID_INK;SEASHELLS;2013.0;1
7900;;;DJEMBES;SEASHELLS;13447.0;5
7900;;;JAMS;SEASHELLS;6662.0;10
8000;;;CROISSANTS;SEASHELLS;4308.0;7
8000;;;RAINFOREST_RESIN;SEASHELLS;10008.0;4
8100;;;KELP;SEASHELLS;2027.0;1
8100;;;RAINFOREST_RESIN;SEASHELLS;9992.0;6
8100;;;SQUID_INK;SEASHELLS;2017.0;1
8200;;;RAINFOREST_RESIN;SEASHELLS;9998.0;5
8300;;;JAMS;SEASHELLS;6664.0;10
8300;;;RAINFOREST_RESIN;SEASHELLS;9992.0;1
8600;;;DJEMBES;SEASHELLS;13448.0;3
8600;;;KELP;SEASHELLS;2023.0;1
8600;;;SQUID_INK;SEASHELLS;2013.0;1
8700;;;RAINFOREST_RESIN;SEASHELLS;9998.0;5
8800;;;CROISSANTS;SEASHELLS;4303.0;7
8800;;;DJEMBES;SEASHELLS;13448.0;1
8800;;;JAMS;SEASHELLS;6663.0;7
8800;;;JAMS;SEASHELLS;6664.0;7
9100;;;DJEMBES;SEASHELLS;13449.0;4
9100;;;JAMS;SEASHELLS;6665.0;10
9200;;;CROISSANTS;SEASHELLS;4303.0;5
9200;;;CROISSANTS;SEASHELLS;4304.0;7
9200;;;KELP;SEASHELLS;2025.0;1
9200;;;SQUID_INK;SEASHELLS;2020.0;1
9300;;;PICNIC_BASKET1;SEASHELLS;59279.0;1
9300;;;PICNIC_BASKET2;SEASHELLS;30603.0;5
9900;;;RAINFOREST_RESIN;SEASHELLS;10008.0;2
10000;;;CROISSANTS;SEASHELLS;4304.0;5
10000;;;JAMS;SEASHELLS;6668.0;4
10000;;;RAINFOREST_RESIN;SEASHELLS;9999.0;1
10100;;;CROISSANTS;SEASHELLS;4304.0;6
10200;;;DJEMBES;SEASHELLS;13450.0;2
10200;;;PICNIC_BASKET1;SEASHELLS;59292.0;2
10200;;;PICNIC_BASKET1;SEASHELLS;59292.0;4
10200;;;PICNIC_BASKET1;SEASHELLS;59293.0;5
10200;;;PICNIC_BASKET2;SEASHELLS;30610.0;2
10200;;;RAINFOREST_RESIN;SEASHELLS;9999.0;1
10300;;;DJEMBES;SEASHELLS;13450.0;2
10300;;;KELP;SEASHELLS;2024.0;1
10300;;;SQUID_INK;SEASHELLS;2021.0;1
10400;;;CROISSANTS;SEASHELLS;4303.0;3
10500;;;DJEMBES;SEASHELLS;13451.0;1
10700;;;RAINFOREST_RESIN;SEASHELLS;10001.0;1
10800;;;RAINFOREST_RESIN;SEASHELLS;10008.0;5
11100;;;RAINFOREST_RESIN;SEASHELLS;9999.0;1
11200;;;DJEMBES;SEASHELLS;13450.0;2
11300;;;KELP;SEASHELLS;2022.0;3
11300;;;SQUID_INK;SEASHELLS;2013.0;3
11400;;;KELP;SEASHELLS;2022.0;2
11400;;;SQUID_INK;SEASHELLS;2014.0;2
11700;;;KELP;SEASHELLS;2023.0;2
11700;;;SQUID_INK;SEASHELLS;2014.0;2
11800;;;KELP;SEASHELLS;2025.0;1
11800;;;SQUID_INK;SEASHELLS;2015.0;1
11800;;;SQUID_INK;SEASHELLS;2014.0;4
12200;;;DJEMBES;SEASHELLS;13450.0;2
12200;;;JAMS;SEASHELLS;6668.0;7
12200;;;PICNIC_BASKET1;SEASHELLS;59300.0;1
12200;;;PICNIC_BASKET2;SEASHELLS;30615.0;1
12400;;;CROISSANTS;SEASHELLS;4304.0;8
12400;;;KELP;SEASHELLS;2026.0;15
12400;;;SQUID_INK;SEASHELLS;2020.0;15
12500;;;KELP;SEASHELLS;2023.0;1
12500;;;SQUID_INK;SEASHELLS;2015.0;1
12900;;;RAINFOREST_RESIN;SEASHELLS;9992.0;4
13000;;;DJEMBES;SEASHELLS;13455.0;5
13000;;;KELP;SEASHELLS;2025.0;1
13000;;;SQUID_INK;SEASHELLS;2018.0;1
13200;;;RAINFOREST_RESIN;SEASHELLS;9998.0;1
13200;;;RAINFOREST_RESIN;SEASHELLS;9998.0;4
13300;;;KELP;SEASHELLS;2026.0;2
13300;;;SQUID_INK;SEASHELLS;2016.0;2
13600;;;KELP;SEASHELLS;2023.0;1
13600;;;SQUID_INK;SEASHELLS;2010.0;1
13700;;;CROISSANTS;SEASHELLS;4305.0;8
13900;;;RAINFOREST_RESIN;SEASHELLS;9999.0;1
13900;;;SQUID_INK;SEASHELLS;2009.0;6
14000;;;DJEMBES;SEASHELLS;13455.0;1
14100;;;RAINFOREST_RESIN;SEASHELLS;10008.0;6
14200;;;KELP;SEASHELLS;2023.0;1
14200;;;RAINFOREST_RESIN;SEASHELLS;10002.0;5
14200;;;SQUID_INK;SEASHELLS;2008.0;1
14500;;;DJEMBES;SEASHELLS;13454.0;1
14600;;;JAMS;SEASHELLS;6669.0;6
14600;;;PICNIC_BASKET2;SEASHELLS;30635.0;2
14700;;;PICNIC_BASKET1;SEASHELLS;59307.0;6
14700;;;PICNIC_BASKET2;SEASHELLS;30630.0;6
14800;;;JAMS;SEASHELLS;6666.0;10
14800;;;RAINFOREST_RESIN;SEASHELLS;9998.0;3
15000;;;KELP;SEASHELLS;2024.0;2
15000;;;RAINFOREST_RESIN;SEASHELLS;9992.0;8
15000;;;SQUID_INK;SEASHELLS;2007.0;2
15200;;;KELP;SEASHELLS;2022.0;1
15200;;;SQUID_INK;SEASHELLS;2002.0;1
15500;;;DJEMBES;SEASHELLS;13453.0;4
15600;;;KELP;SEASHELLS;2025.0;2
15600;;;SQUID_INK;SEASHELLS;2003.0;2
15800;;;KELP;SEASHELLS;2025.0;1
15800;;;SQUID_INK;SEASHELLS;2000.0;1
15900;;;DJEMBES;SEASHELLS;13455.0;1
16200;;;DJEMBES;SEASHELLS;13455.0;3
16200;;;JAMS;SEASHELLS;6667.0;10
16200;;;KELP;SEASHELLS;2023.0;1
16200;;;KELP;SEASHELLS;2023.0;1
16200;;;SQUID_INK;SEASHELLS;2004.0;1
16200;;;SQUID_INK;SEASHELLS;2004.0;1
16300;;;JAMS;SEASHELLS;6669.0;8
16500;;;JAMS;SEASHELLS;6672.0;7
16600;;;KELP;SEASHELLS;2023.0;1
16600;;;RAINFOREST_RESIN;SEASHELLS;10008.0;2
16600;;;SQUID_INK;SEASHELLS;2003.0;1
16700;;;CROISSANTS;SEASHELLS;4307.0;8
16700;;;KELP;SEASHELLS;2025.0;1
16900;;;JAMS;SEASHELLS;6669.0;4
17100;;;PICNIC_BASKET1;SEASHELLS;59315.0;2
17100;;;PICNIC_BASKET2;SEASHELLS;30637.0;7
17200;;;JAMS;SEASHELLS;6670.0;5
17400;;;JAMS;SEASHELLS;6671.0;6
17500;;;RAINFOREST_RESIN;SEASHELLS;10008.0;1
17500;;;RAINFOREST_RESIN;SEASHELLS;10002.0;4
17700;;;CROISSANTS;SEASHELLS;4306.0;4
18000;;;DJEMBES;SEASHELLS;13458.0;3
18200;;;KELP;SEASHELLS;2024.0;4
18200;;;KELP;SEASHELLS;2024.0;1
18200;;;SQUID_INK;SEASHELLS;2003.0;4
18200;;;SQUID_INK;SEASHELLS;2003.0;1
18300;;;RAINFOREST_RESIN;SEASHELLS;10008.0;6
18500;;;KELP;SEASHELLS;2026.0;1
18500;;;RAINFOREST_RESIN;SEASHELLS;9999.0;1
18500;;;SQUID_INK;SEASHELLS;2005.0;1
18600;;;RAINFOREST_RESIN;SEASHELLS;9999.0;1
18700;;;CROISSANTS;SEASHELLS;4304.0;5
19000;;;KELP;SEASHELLS;2024.0;10
19000;;;SQUID_INK;SEASHELLS;2002.0;10
19100;;;CROISSANTS;SEASHELLS;4304.0;7
19200;;;JAMS;SEASHELLS;6669.0;6
19200;;;PICNIC_BASKET1;SEASHELLS;59285.0;1
19200;;;PICNIC_BASKET2;SEASHELLS;30613.0;1
19200;;;PICNIC_BASKET2;SEASHELLS;30612.0;7
19300;;;KELP;SEASHELLS;2024.0;1
19300;;;SQUID_INK;SEASHELLS;2001.0;1
19400;;;JAMS;SEASHELLS;6668.0;6
19500;;;RAINFOREST_RESIN;SEASHELLS;10001.0;1
19700;;;KELP;SEASHELLS;2024.0;1
19700;;;SQUID_INK;SEASHELLS;2001.0;1
19800;;;DJEMBES;SEASHELLS;13450.0;4
20100;;;RAINFOREST_RESIN;SEASHELLS;9997.0;1
20200;;;PICNIC_BASKET1;SEASHELLS;59287.0;1
20200;;;RAINFOREST_RESIN;SEASHELLS;10001.0;1
20300;;;KELP;SEASHELLS;2024.0;1
20300;;;SQUID_INK;SEASHELLS;1999.0;1
20400;;;JAMS;SEASHELLS;6665.0;9
20400;;;KELP;SEASHELLS;2025.0;4
20400;;;RAINFOREST_RESIN;SEASHELLS;9992.0;1
20400;;;SQUID_INK;SEASHELLS;1999.0;4
20500;;;CROISSANTS;SEASHELLS;4305.0;6
20600;;;CROISSANTS;SEASHELLS;4303.0;4
20700;;;CROISSANTS;SEASHELLS;4305.0;8
20700;;;JAMS;SEASHELLS;6666.0;4
20900;;;DJEMBES;SEASHELLS;13451.0;4
21100;;;RAINFOREST_RESIN;SEASHELLS;9992.0;8
21100;;;RAINFOREST_RESIN;SEASHELLS;10008.0;1
21200;;;JAMS;SEASHELLS;6663.0;8
21400;;;JAMS;SEASHELLS;6663.0;9
21500;;;JAMS;SEASHELLS;6663.0;8
21700;;;KELP;SEASHELLS;2027.0;8
21700;;;PICNIC_BASKET1;SEASHELLS;59286.0;2
21700;;;PICNIC_BASKET2;SEASHELLS;30587.0;2
21700;;;SQUID_INK;SEASHELLS;1999.0;8
22100;;;KELP;SEASHELLS;2024.0;1
22100;;;SQUID_INK;SEASHELLS;1996.0;1
22200;;;JAMS;SEASHELLS;6662.0;4
22500;;;KELP;SEASHELLS;2026.0;11
22500;;;SQUID_INK;SEASHELLS;1999.0;11
22600;;;RAINFOREST_RESIN;SEASHELLS;9992.0;5
22700;;;KELP;SEASHELLS;2023.0;1
22700;;;SQUID_INK;SEASHELLS;1995.0;1
22800;;;JAMS;SEASHELLS;6662.0;8
22800;;;KELP;SEASHELLS;2023.0;1
22800;;;PICNIC_BASKET2;SEASHELLS;30593.0;2
22800;;;SQUID_INK;SEASHELLS;1996.0;1
23200;;;KELP;SEASHELLS;2023.0;2
23200;;;SQUID_INK;SEASHELLS;1996.0;2
23500;;;CROISSANTS;SEASHELLS;4305.0;7
23500;;;KELP;SEASHELLS;2023.0;1
23500;;;SQUID_INK;SEASHELLS;1996.0;1
23700;;;DJEMBES;SEASHELLS;13451.0;1
23800;;;RAINFOREST_RESIN;SEASHELLS;9992.0;5
23900;;;JAMS;SEASHELLS;6664.0;6
23900;;;KELP;SEASHELLS;2025.0;1
23900;;;SQUID_INK;SEASHELLS;1994.0;1
24000;;;JAMS;SEASHELLS;6664.0;8
24100;;;KELP;SEASHELLS;2025.0;1
24100;;;SQUID_INK;SEASHELLS;1994.0;1
24200;;;RAINFOREST_RESIN;SEASHELLS;9992.0;9
24300;;;CROISSANTS;SEASHELLS;4305.0;6
24500;;;KELP;SEASHELLS;2022.0;2
24500;;;SQUID_INK;SEASHELLS;1992.0;2
24600;;;DJEMBES;SEASHELLS;13453.0;5
24600;;;KELP;SEASHELLS;2024.0;5
24600;;;SQUID_INK;SEASHELLS;1995.0;5
24800;;;RAINFOREST_RESIN;SEASHELLS;10008.0;2
24900;;;KELP;SEASHELLS;2024.0;4
24900;;;SQUID_INK;SEASHELLS;1993.0;4
25100;;;JAMS;SEASHELLS;6666.0;5
25200;;;KELP;SEASHELLS;2025.0;1
25200;;;SQUID_INK;SEASHELLS;1996.0;1
25300;;;KELP;SEASHELLS;2023.0;1
25300;;;SQUID_INK;SEASHELLS;1996.0;1
25700;;;JAMS;SEASHELLS;6663.0;4
25800;;;KELP;SEASHELLS;2023.0;1
25800;;;RAINFOREST_RESIN;SEASHELLS;10001.0;1
26000;;;KELP;SEASHELLS;2023.0;7
26000;;;PICNIC_BASKET1;SEASHELLS;59332.0;5
26000;;;PICNIC_BASKET2;SEASHELLS;30613.0;5
26000;;;SQUID_INK;SEASHELLS;1995.0;7
26100;;;RAINFOREST_RESIN;SEASHELLS;10001.0;1
26400;;;KELP;SEASHELLS;2023.0;1
26400;;;SQUID_INK;SEASHELLS;1999.0;1
26500;;;CROISSANTS;SEASHELLS;4306.0;5
26600;;;JAMS;SEASHELLS;6665.0;10
26700;;;DJEMBES;SEASHELLS;13457.0;1
26900;;;KELP;SEASHELLS;2023.0;1
27000;;;CROISSANTS;SEASHELLS;4306.0;5
27000;;;RAINFOREST_RESIN;SEASHELLS;9992.0;5
27000;;;RAINFOREST_RESIN;SEASHELLS;9998.0;5
27200;;;RAINFOREST_RESIN;SEASHELLS;10001.0;1
27300;;;KELP;SEASHELLS;2025.0;1
27500;;;DJEMBES;SEASHELLS;13458.0;1
27600;;;KELP;SEASHELLS;2023.0;1
27600;;;SQUID_INK;SEASHELLS;1999.0;1
27700;;;DJEMBES;SEASHELLS;13458.0;11
27700;;;KELP;SEASHELLS;2023.0;5
27800;;;KELP;SEASHELLS;2025.0;1
27800;;;SQUID_INK;SEASHELLS;2002.0;1
27900;;;DJEMBES;SEASHELLS;13460.0;3
27900;;;KELP;SEASHELLS;2025.0;1
27900;;;SQUID_INK;SEASHELLS;2002.0;1
28100;;;JAMS;SEASHELLS;6665.0;12
28200;;;KELP;SEASHELLS;2025.0;5
28200;;;SQUID_INK;SEASHELLS;2004.0;5
28200;;;SQUID_INK;SEASHELLS;2004.0;6
28300;;;CROISSANTS;SEASHELLS;4309.0;4
28300;;;JAMS;SEASHELLS;6665.0;6
28400;;;KELP;SEASHELLS;2023.0;1
28400;;;SQUID_INK;SEASHELLS;2003.0;1
28600;;;RAINFOREST_RESIN;SEASHELLS;9999.0;1
28700;;;JAMS;SEASHELLS;6665.0;7
29000;;;KELP;SEASHELLS;2024.0;1
29000;;;SQUID_INK;SEASHELLS;2007.0;1
29100;;;PICNIC_BASKET1;SEASHELLS;59341.0;2
29100;;;PICNIC_BASKET2;SEASHELLS;30623.0;2
29200;;;CROISSANTS;SEASHELLS;4309.0;5
29300;;;CROISSANTS;SEASHELLS;4308.0;5
29300;;;KELP;SEASHELLS;2026.0;2
29300;;;KELP;SEASHELLS;2026.0;10
29300;;;SQUID_INK;SEASHELLS;2008.0;2
29300;;;SQUID_INK;SEASHELLS;2008.0;10
29400;;;JAMS;SEASHELLS;6666.0;3
29400;;;KELP;SEASHELLS;2024.0;1
29400;;;SQUID_INK;SEASHELLS;2005.0;1
29700;;;KELP;SEASHELLS;2024.0;1
29700;;;SQUID_INK;SEASHELLS;2007.0;1
29900;;;CROISSANTS;SEASHELLS;4309.0;6
30100;;;JAMS;SEASHELLS;6668.0;5
30200;;;KELP;SEASHELLS;2027.0;10
30200;;;SQUID_INK;SEASHELLS;2009.0;10
30300;;;KELP;SEASHELLS;2026.0;1
30300;;;RAINFOREST_RESIN;SEASHELLS;9998.0;4
30300;;;SQUID_INK;SEASHELLS;2007.0;1
30600;;;KELP;SEASHELLS;2024.0;1
30600;;;KELP;SEASHELLS;2027.0;1
30600;;;SQUID_INK;SEASHELLS;2006.0;1
30600;;;SQUID_INK;SEASHELLS;2009.0;1
30900;;;CROISSANTS;SEASHELLS;4310.0;6
31200;;;RAINFOREST_RESIN;SEASHELLS;10008.0;1
31300;;;KELP;SEASHELLS;2023.0;13
31300;;;PICNIC_BASKET1;SEASHELLS;59396.0;1
31300;;;PICNIC_BASKET2;SEASHELLS;30646.0;6
31300;;;SQUID_INK;SEASHELLS;2002.0;13
31600;;;CROISSANTS;SEASHELLS;4308.0;7
31600;;;KELP;SEASHELLS;2025.0;1
31600;;;RAINFOREST_RESIN;SEASHELLS;9999.0;1
31700;;;DJEMBES;SEASHELLS;13459.0;5
31700;;;PICNIC_BASKET1;SEASHELLS;59381.0;2
31700;;;PICNIC_BASKET1;SEASHELLS;59380.0;4
31700;;;PICNIC_BASKET2;SEASHELLS;30638.0;6
31900;;;DJEMBES;SEASHELLS;13462.0;3
32000;;;DJEMBES;SEASHELLS;13461.0;3
32100;;;JAMS;SEASHELLS;6671.0;10
32400;;;KELP;SEASHELLS;2023.0;1
32400;;;SQUID_INK;SEASHELLS;2000.0;1
32500;;;KELP;SEASHELLS;2023.0;1
32500;;;SQUID_INK;SEASHELLS;2002.0;1
32600;;;KELP;SEASHELLS;2027.0;2
32600;;;SQUID_INK;SEASHELLS;2002.0;2
32900;;;DJEMBES;SEASHELLS;13457.0;1
33100;;;CROISSANTS;SEASHELLS;4307.0;5
33100;;;KELP;SEASHELLS;2023.0;1
33100;;;SQUID_INK;SEASHELLS;1997.0;1
33200;;;DJEMBES;SEASHELLS;13457.0;1
33200;;;KELP;SEASHELLS;2023.0;1
33200;;;KELP;SEASHELLS;2024.0;10
33200;;;SQUID_INK;SEASHELLS;1998.0;1
33200;;;SQUID_INK;SEASHELLS;1998.0;10
33500;;;KELP;SEASHELLS;2026.0;1
33500;;;SQUID_INK;SEASHELLS;2000.0;1
33600;;;RAINFOREST_RESIN;SEASHELLS;10003.0;6
33800;;;SQUID_INK;SEASHELLS;1997.0;3
33900;;;JAMS;SEASHELLS;6670.0;8
34000;;;KELP;SEASHELLS;2023.0;1
34200;;;CROISSANTS;SEASHELLS;4307.0;5
34200;;;KELP;SEASHELLS;2022.0;9
34200;;;SQUID_INK;SEASHELLS;1990.0;9
34300;;;CROISSANTS;SEASHELLS;4307.0;5
34300;;;PICNIC_BASKET1;SEASHELLS;59369.0;1
34300;;;PICNIC_BASKET1;SEASHELLS;59368.0;3
34300;;;PICNIC_BASKET2;SEASHELLS;30642.0;4
34300;;;RAINFOREST_RESIN;SEASHELLS;10008.0;1
34500;;;RAINFOREST_RESIN;SEASHELLS;9999.0;1
34500;;;SQUID_INK;SEASHELLS;1986.0;5
34600;;;KELP;SEASHELLS;2023.0;1
34600;;;SQUID_INK;SEASHELLS;1987.0;1
34900;;;DJEMBES;SEASHELLS;13452.0;11
35000;;;JAMS;SEASHELLS;6672.0;4
35000;;;KELP;SEASHELLS;2025.0;1
35000;;;SQUID_INK;SEASHELLS;1989.0;1
35200;;;DJEMBES;SEASHELLS;13452.0;3
35300;;;KELP;SEASHELLS;2025.0;1
35300;;;KELP;SEASHELLS;2023.0;8
35300;;;RAINFOREST_RESIN;SEASHELLS;10008.0;6
35300;;;SQUID_INK;SEASHELLS;1988.0;1
35300;;;SQUID_INK;SEASHELLS;1986.0;8
35400;;;CROISSANTS;SEASHELLS;4307.0;7
35400;;;JAMS;SEASHELLS;6669.0;5
35400;;;KELP;SEASHELLS;2025.0;1
35400;;;RAINFOREST_RESIN;SEASHELLS;10008.0;6
35400;;;SQUID_INK;SEASHELLS;1989.0;1
35500;;;JAMS;SEASHELLS;6669.0;7
35700;;;JAMS;SEASHELLS;6671.0;6
35800;;;KELP;SEASHELLS;2023.0;2
35800;;;SQUID_INK;SEASHELLS;1990.0;1
35800;;;SQUID_INK;SEASHELLS;1990.0;1
36400;;;KELP;SEASHELLS;2024.0;1
36400;;;SQUID_INK;SEASHELLS;1989.0;1
36500;;;KELP;SEASHELLS;2023.0;2
36500;;;SQUID_INK;SEASHELLS;1988.0;2
36800;;;JAMS;SEASHELLS;6671.0;10
36800;;;PICNIC_BASKET1;SEASHELLS;59409.0;7
36800;;;PICNIC_BASKET2;SEASHELLS;30657.0;7
36900;;;RAINFOREST_RESIN;SEASHELLS;9999.0;1
37000;;;CROISSANTS;SEASHELLS;4310.0;5
37000;;;JAMS;SEASHELLS;6671.0;5
37100;;;RAINFOREST_RESIN;SEASHELLS;9999.0;1
37300;;;KELP;SEASHELLS;2021.0;1
37300;;;SQUID_INK;SEASHELLS;1988.0;1
37400;;;JAMS;SEASHELLS;6670.0;10
37500;;;KELP;SEASHELLS;2020.0;1
37500;;;RAINFOREST_RESIN;SEASHELLS;10008.0;1
37500;;;SQUID_INK;SEASHELLS;1987.0;1
37600;;;RAINFOREST_RESIN;SEASHELLS;9999.0;1
37800;;;KELP;SEASHELLS;2020.0;1
37800;;;SQUID_INK;SEASHELLS;1986.0;1
37900;;;RAINFOREST_RESIN;SEASHELLS;10002.0;5
38000;;;JAMS;SEASHELLS;6672.0;7
38300;;;CROISSANTS;SEASHELLS;4310.0;7
38300;;;RAINFOREST_RESIN;SEASHELLS;10008.0;2
38400;;;KELP;SEASHELLS;2020.0;6
38400;;;SQUID_INK;SEASHELLS;1985.0;6
38500;;;RAINFOREST_RESIN;SEASHELLS;10001.0;1
38600;;;DJEMBES;SEASHELLS;13458.0;4
38600;;;KELP;SEASHELLS;2019.0;1
38600;;;SQUID_INK;SEASHELLS;1984.0;1
38800;;;CROISSANTS;SEASHELLS;4311.0;6
38800;;;SQUID_INK;SEASHELLS;1989.0;2
39000;;;CROISSANTS;SEASHELLS;4312.0;8
39200;;;KELP;SEASHELLS;2022.0;1
39200;;;RAINFOREST_RESIN;SEASHELLS;9992.0;1
39200;;;SQUID_INK;SEASHELLS;1989.0;1
39300;;;DJEMBES;SEASHELLS;13461.0;3
39400;;;KELP;SEASHELLS;2022.0;1
39400;;;PICNIC_BASKET1;SEASHELLS;59434.0;1
39400;;;PICNIC_BASKET1;SEASHELLS;59434.0;1
39400;;;PICNIC_BASKET2;SEASHELLS;30677.0;2
39400;;;SQUID_INK;SEASHELLS;1989.0;1
39800;;;DJEMBES;SEASHELLS;13460.0;2
40300;;;JAMS;SEASHELLS;6671.0;4
40300;;;RAINFOREST_RESIN;SEASHELLS;10001.0;1
40400;;;JAMS;SEASHELLS;6670.0;4
40500;;;KELP;SEASHELLS;2019.0;1
40500;;;SQUID_INK;SEASHELLS;1984.0;1
40600;;;RAINFOREST_RESIN;SEASHELLS;9992.0;4
40700;;;CROISSANTS;SEASHELLS;4315.0;5
40800;;;JAMS;SEASHELLS;6670.0;10
40800;;;RAINFOREST_RESIN;SEASHELLS;9999.0;1
40900;;;KELP;SEASHELLS;2017.0;1
40900;;;SQUID_INK;SEASHELLS;1984.0;1
41000;;;KELP;SEASHELLS;2018.0;1
41000;;;SQUID_INK;SEASHELLS;1983.0;1
41100;;;KELP;SEASHELLS;2018.0;2
41100;;;KELP;SEASHELLS;2018.0;1
41100;;;SQUID_INK;SEASHELLS;1984.0;2
41100;;;SQUID_INK;SEASHELLS;1984.0;1
41200;;;JAMS;SEASHELLS;6671.0;4
41300;;;DJEMBES;SEASHELLS;13463.0;4
41400;;;PICNIC_BASKET1;SEASHELLS;59444.0;2
41400;;;PICNIC_BASKET2;SEASHELLS;30669.0;2
41500;;;CROISSANTS;SEASHELLS;4314.0;5
41500;;;KELP;SEASHELLS;2019.0;5
41500;;;SQUID_INK;SEASHELLS;1987.0;5
41500;;;SQUID_INK;SEASHELLS;1987.0;1
41700;;;KELP;SEASHELLS;2018.0;1
41700;;;RAINFOREST_RESIN;SEASHELLS;9999.0;1
41700;;;SQUID_INK;SEASHELLS;1986.0;1
41800;;;RAINFOREST_RESIN;SEASHELLS;9992.0;1
41900;;;CROISSANTS;SEASHELLS;4315.0;5
41900;;;KELP;SEASHELLS;2020.0;1
41900;;;SQUID_INK;SEASHELLS;1987.0;1
42000;;;KELP;SEASHELLS;2018.0;1
42000;;;KELP;SEASHELLS;2020.0;5
42000;;;SQUID_INK;SEASHELLS;1986.0;1
42000;;;SQUID_INK;SEASHELLS;1988.0;5
42200;;;DJEMBES;SEASHELLS;13466.0;4
42300;;;DJEMBES;SEASHELLS;13467.0;2
42300;;;KELP;SEASHELLS;2019.0;7
42300;;;SQUID_INK;SEASHELLS;1988.0;7
42400;;;KELP;SEASHELLS;2019.0;1
42400;;;SQUID_INK;SEASHELLS;1986.0;1
42500;;;KELP;SEASHELLS;2019.0;1
42500;;;SQUID_INK;SEASHELLS;1986.0;1
42600;;;CROISSANTS;SEASHELLS;4316.0;6
42600;;;KELP;SEASHELLS;2019.0;2
42600;;;SQUID_INK;SEASHELLS;1986.0;2
42700;;;RAINFOREST_RESIN;SEASHELLS;10008.0;1
42700;;;RAINFOREST_RESIN;SEASHELLS;10001.0;1
42800;;;CROISSANTS;SEASHELLS;4316.0;6
42800;;;RAINFOREST_RESIN;SEASHELLS;9998.0;3
42900;;;KELP;SEASHELLS;2022.0;2
42900;;;RAINFOREST_RESIN;SEASHELLS;10008.0;8
42900;;;SQUID_INK;SEASHELLS;1988.0;2
43000;;;CROISSANTS;SEASHELLS;4314.0;6
43200;;;JAMS;SEASHELLS;6665.0;6
43400;;;RAINFOREST_RESIN;SEASHELLS;9992.0;2
43500;;;DJEMBES;SEASHELLS;13471.0;4
43500;;;KELP;SEASHELLS;2020.0;1
43500;;;SQUID_INK;SEASHELLS;1987.0;1
43600;;;DJEMBES;SEASHELLS;13469.0;8
43700;;;RAINFOREST_RESIN;SEASHELLS;10008.0;2
44100;;;JAMS;SEASHELLS;6666.0;12
44100;;;JAMS;SEASHELLS;6668.0;5
44500;;;DJEMBES;SEASHELLS;13470.0;2
44500;;;KELP;SEASHELLS;2021.0;1
44500;;;SQUID_INK;SEASHELLS;1993.0;1
44900;;;RAINFOREST_RESIN;SEASHELLS;10008.0;7
45200;;;DJEMBES;SEASHELLS;13470.0;4
45300;;;RAINFOREST_RESIN;SEASHELLS;9998.0;5
45300;;;RAINFOREST_RESIN;SEASHELLS;9999.0;1
45400;;;KELP;SEASHELLS;2018.0;1
45400;;;SQUID_INK;SEASHELLS;1992.0;1
45500;;;KELP;SEASHELLS;2019.0;3
45500;;;SQUID_INK;SEASHELLS;1993.0;3
45700;;;DJEMBES;SEASHELLS;13467.0;5
45700;;;PICNIC_BASKET1;SEASHELLS;59409.0;6
45700;;;PICNIC_BASKET2;SEASHELLS;30637.0;6
45800;;;KELP;SEASHELLS;2018.0;1
45800;;;SQUID_INK;SEASHELLS;1994.0;1
45900;;;CROISSANTS;SEASHELLS;4313.0;8
45900;;;JAMS;SEASHELLS;6671.0;4
45900;;;KELP;SEASHELLS;2022.0;2
45900;;;SQUID_INK;SEASHELLS;1997.0;2
46000;;;DJEMBES;SEASHELLS;13468.0;1
46400;;;PICNIC_BASKET1;SEASHELLS;59423.0;6
46400;;;PICNIC_BASKET2;SEASHELLS;30637.0;6
46400;;;RAINFOREST_RESIN;SEASHELLS;9992.0;7
46500;;;CROISSANTS;SEASHELLS;4313.0;5
46500;;;DJEMBES;SEASHELLS;13468.0;5
46600;;;KELP;SEASHELLS;2019.0;2
46600;;;SQUID_INK;SEASHELLS;1996.0;2
46700;;;CROISSANTS;SEASHELLS;4314.0;7
46700;;;RAINFOREST_RESIN;SEASHELLS;10008.0;2
46900;;;KELP;SEASHELLS;2021.0;1
46900;;;SQUID_INK;SEASHELLS;1997.0;1
47100;;;KELP;SEASHELLS;2019.0;4
47100;;;SQUID_INK;SEASHELLS;1994.0;4
47300;;;JAMS;SEASHELLS;6675.0;7
47800;;;CROISSANTS;SEASHELLS;4313.0;8
47900;;;DJEMBES;SEASHELLS;13459.0;5
48000;;;RAINFOREST_RESIN;SEASHELLS;9999.0;1
48100;;;KELP;SEASHELLS;2019.0;1
48100;;;KELP;SEASHELLS;2019.0;1
48100;;;RAINFOREST_RESIN;SEASHELLS;9997.0;1
48100;;;RAINFOREST_RESIN;SEASHELLS;9999.0;1
48100;;;SQUID_INK;SEASHELLS;1994.0;1
48300;;;DJEMBES;SEASHELLS;13462.0;1
48400;;;DJEMBES;SEASHELLS;13462.0;4
48400;;;JAMS;SEASHELLS;6675.0;10
48500;;;DJEMBES;SEASHELLS;13463.0;4
48500;;;RAINFOREST_RESIN;SEASHELLS;10001.0;1
48600;;;JAMS;SEASHELLS;6676.0;4
48600;;;KELP;SEASHELLS;2019.0;1
48600;;;KELP;SEASHELLS;2019.0;1
48600;;;SQUID_INK;SEASHELLS;1993.0;1
48600;;;SQUID_INK;SEASHELLS;1993.0;1
48700;;;DJEMBES;SEASHELLS;13461.0;1
48700;;;RAINFOREST_RESIN;SEASHELLS;10003.0;7
49000;;;JAMS;SEASHELLS;6676.0;6
49000;;;KELP;SEASHELLS;2019.0;1
49000;;;SQUID_INK;SEASHELLS;1993.0;1
49200;;;DJEMBES;SEASHELLS;13459.0;4
49200;;;JAMS;SEASHELLS;6676.0;9
49200;;;KELP;SEASHELLS;2022.0;11
49200;;;SQUID_INK;SEASHELLS;1994.0;1
49300;;;KELP;SEASHELLS;2019.0;1
49300;;;SQUID_INK;SEASHELLS;1992.0;1
49400;;;KELP;SEASHELLS;2021.0;9
49500;;;KELP;SEASHELLS;2022.0;6
49500;;;SQUID_INK;SEASHELLS;1993.0;6
49600;;;KELP;SEASHELLS;2021.0;1
49600;;;SQUID_INK;SEASHELLS;1990.0;1
49800;;;KELP;SEASHELLS;2020.0;5
49800;;;SQUID_INK;SEASHELLS;1989.0;5
49900;;;KELP;SEASHELLS;2023.0;2
49900;;;RAINFOREST_RESIN;SEASHELLS;9997.0;6
49900;;;SQUID_INK;SEASHELLS;1990.0;2
50100;;;JAMS;SEASHELLS;6679.0;8
50200;;;PICNIC_BASKET1;SEASHELLS;59464.0;7
50200;;;PICNIC_BASKET2;SEASHELLS;30663.0;7
50300;;;JAMS;SEASHELLS;6679.0;5
50400;;;CROISSANTS;SEASHELLS;4312.0;5
50500;;;CROISSANTS;SEASHELLS;4312.0;6
50600;;;KELP;SEASHELLS;2020.0;2
50600;;;KELP;SEASHELLS;2019.0;1
50600;;;KELP;SEASHELLS;2020.0;6
50600;;;SQUID_INK;SEASHELLS;1987.0;8
50600;;;SQUID_INK;SEASHELLS;1987.0;1
51100;;;PICNIC_BASKET1;SEASHELLS;59466.0;8
51100;;;PICNIC_BASKET2;SEASHELLS;30667.0;1
51300;;;KELP;SEASHELLS;2020.0;13
51300;;;SQUID_INK;SEASHELLS;1986.0;13
51400;;;JAMS;SEASHELLS;6681.0;7
51400;;;PICNIC_BASKET1;SEASHELLS;59459.0;10
51400;;;PICNIC_BASKET2;SEASHELLS;30661.0;10
51600;;;DJEMBES;SEASHELLS;13458.0;2
51600;;;KELP;SEASHELLS;2023.0;2
51600;;;SQUID_INK;SEASHELLS;1989.0;2
51700;;;CROISSANTS;SEASHELLS;4310.0;5
51700;;;KELP;SEASHELLS;2020.0;4
51700;;;PICNIC_BASKET1;SEASHELLS;59440.0;8
51700;;;PICNIC_BASKET2;SEASHELLS;30646.0;8
51700;;;RAINFOREST_RESIN;SEASHELLS;9999.0;1
51700;;;SQUID_INK;SEASHELLS;1986.0;4
51800;;;JAMS;SEASHELLS;6679.0;8
51900;;;CROISSANTS;SEASHELLS;4310.0;6
52000;;;CROISSANTS;SEASHELLS;4310.0;8
52100;;;PICNIC_BASKET2;SEASHELLS;30647.0;2
52200;;;DJEMBES;SEASHELLS;13456.0;5
52300;;;KELP;SEASHELLS;2022.0;1
52300;;;RAINFOREST_RESIN;SEASHELLS;9992.0;8
52300;;;SQUID_INK;SEASHELLS;1988.0;1
52500;;;JAMS;SEASHELLS;6678.0;8
52600;;;SQUID_INK;SEASHELLS;1987.0;4
52700;;;DJEMBES;SEASHELLS;13458.0;4
52700;;;KELP;SEASHELLS;2019.0;1
52700;;;SQUID_INK;SEASHELLS;1986.0;1
52800;;;CROISSANTS;SEASHELLS;4310.0;6
52800;;;PICNIC_BASKET1;SEASHELLS;59435.0;6
52800;;;PICNIC_BASKET2;SEASHELLS;30655.0;6
52800;;;RAINFOREST_RESIN;SEASHELLS;9992.0;7
53000;;;DJEMBES;SEASHELLS;13458.0;3
53100;;;JAMS;SEASHELLS;6674.0;4
53300;;;DJEMBES;SEASHELLS;13456.0;3
53600;;;JAMS;SEASHELLS;6676.0;10
53600;;;RAINFOREST_RESIN;SEASHELLS;9997.0;9
53900;;;KELP;SEASHELLS;2023.0;2
53900;;;SQUID_INK;SEASHELLS;1986.0;2
54100;;;CROISSANTS;SEASHELLS;4309.0;8
54100;;;KELP;SEASHELLS;2020.0;1
54100;;;SQUID_INK;SEASHELLS;1979.0;1
54200;;;JAMS;SEASHELLS;6675.0;9
54200;;;RAINFOREST_RESIN;SEASHELLS;10001.0;1
54300;;;KELP;SEASHELLS;2022.0;1
54300;;;SQUID_INK;SEASHELLS;1980.0;1
54700;;;KELP;SEASHELLS;2020.0;4
54700;;;SQUID_INK;SEASHELLS;1976.0;4
54800;;;DJEMBES;SEASHELLS;13461.0;1
55000;;;DJEMBES;SEASHELLS;13462.0;3
55000;;;KELP;SEASHELLS;2019.0;1
55000;;;SQUID_INK;SEASHELLS;1977.0;1
55100;;;KELP;SEASHELLS;2022.0;2
55100;;;RAINFOREST_RESIN;SEASHELLS;10002.0;4
55100;;;SQUID_INK;SEASHELLS;1981.0;2
55200;;;DJEMBES;SEASHELLS;13459.0;4
55200;;;KELP;SEASHELLS;2019.0;2
55200;;;KELP;SEASHELLS;2019.0;3
55200;;;SQUID_INK;SEASHELLS;1978.0;5
55300;;;JAMS;SEASHELLS;6673.0;5
55700;;;KELP;SEASHELLS;2019.0;1
55700;;;SQUID_INK;SEASHELLS;1973.0;1
55800;;;JAMS;SEASHELLS;6674.0;8
55900;;;PICNIC_BASKET1;SEASHELLS;59432.0;4
56000;;;JAMS;SEASHELLS;6676.0;9
56000;;;SQUID_INK;SEASHELLS;1967.0;3
56100;;;JAMS;SEASHELLS;6676.0;6
56200;;;RAINFOREST_RESIN;SEASHELLS;10001.0;1
56300;;;PICNIC_BASKET1;SEASHELLS;59435.0;2
56300;;;PICNIC_BASKET2;SEASHELLS;30661.0;9
56500;;;DJEMBES;SEASHELLS;13461.0;4
56500;;;RAINFOREST_RESIN;SEASHELLS;9992.0;1
56700;;;KELP;SEASHELLS;2020.0;2
56700;;;SQUID_INK;SEASHELLS;1962.0;2
56900;;;RAINFOREST_RESIN;SEASHELLS;9999.0;1
57000;;;DJEMBES;SEASHELLS;13462.0;2
57000;;;RAINFOREST_RESIN;SEASHELLS;9992.0;8
57100;;;DJEMBES;SEASHELLS;13463.0;2
57200;;;KELP;SEASHELLS;2019.0;1
57200;;;SQUID_INK;SEASHELLS;1964.0;1
57300;;;RAINFOREST_RESIN;SEASHELLS;10008.0;2
57400;;;RAINFOREST_RESIN;SEASHELLS;9992.0;6
57500;;;KELP;SEASHELLS;2019.0;5
57800;;;RAINFOREST_RESIN;SEASHELLS;10002.0;4
57900;;;KELP;SEASHELLS;2018.0;2
57900;;;SQUID_INK;SEASHELLS;1960.0;2
58000;;;JAMS;SEASHELLS;6675.0;5
58000;;;KELP;SEASHELLS;2020.0;1
58000;;;KELP;SEASHELLS;2020.0;11
58000;;;RAINFOREST_RESIN;SEASHELLS;9992.0;7
58000;;;SQUID_INK;SEASHELLS;1963.0;12
58100;;;JAMS;SEASHELLS;6677.0;9
58400;;;KELP;SEASHELLS;2016.0;15
58400;;;SQUID_INK;SEASHELLS;1956.0;15
58500;;;DJEMBES;SEASHELLS;13468.0;2
58600;;;JAMS;SEASHELLS;6673.0;9
58700;;;DJEMBES;SEASHELLS;13466.0;2
58900;;;CROISSANTS;SEASHELLS;4315.0;5
58900;;;JAMS;SEASHELLS;6674.0;12
59100;;;KELP;SEASHELLS;2019.0;1
59100;;;SQUID_INK;SEASHELLS;1965.0;1
59200;;;JAMS;SEASHELLS;6674.0;4
59300;;;KELP;SEASHELLS;2016.0;1
59300;;;SQUID_INK;SEASHELLS;1963.0;1
59800;;;JAMS;SEASHELLS;6675.0;11
59900;;;DJEMBES;SEASHELLS;13463.0;5
59900;;;RAINFOREST_RESIN;SEASHELLS;10008.0;2
60000;;;KELP;SEASHELLS;2018.0;1
60000;;;RAINFOREST_RESIN;SEASHELLS;10008.0;7
60000;;;SQUID_INK;SEASHELLS;1970.0;1
60100;;;JAMS;SEASHELLS;6676.0;8
60200;;;DJEMBES;SEASHELLS;13464.0;5
60200;;;KELP;SEASHELLS;2016.0;1
60200;;;SQUID_INK;SEASHELLS;1968.0;1
60200;;;SQUID_INK;SEASHELLS;1968.0;3
60400;;;CROISSANTS;SEASHELLS;4314.0;8
60400;;;CROISSANTS;SEASHELLS;4314.0;5
60400;;;DJEMBES;SEASHELLS;13467.0;1
60400;;;JAMS;SEASHELLS;6677.0;5
60700;;;KELP;SEASHELLS;2017.0;1
60700;;;SQUID_INK;SEASHELLS;1972.0;1
60800;;;KELP;SEASHELLS;2015.0;1
60800;;;SQUID_INK;SEASHELLS;1970.0;1
60900;;;KELP;SEASHELLS;2015.0;3
60900;;;SQUID_INK;SEASHELLS;1973.0;3
61200;;;KELP;SEASHELLS;2016.0;2
61200;;;SQUID_INK;SEASHELLS;1974.0;2
61600;;;CROISSANTS;SEASHELLS;4315.0;8
61600;;;RAINFOREST_RESIN;SEASHELLS;9992.0;1
61700;;;KELP;SEASHELLS;2014.0;1
61700;;;SQUID_INK;SEASHELLS;1977.0;1
61900;;;KELP;SEASHELLS;2017.0;2
61900;;;SQUID_INK;SEASHELLS;1981.0;2
62000;;;CROISSANTS;SEASHELLS;4317.0;7
62000;;;KELP;SEASHELLS;2016.0;1
62000;;;SQUID_INK;SEASHELLS;1978.0;1
62400;;;RAINFOREST_RESIN;SEASHELLS;9992.0;8
62500;;;RAINFOREST_RESIN;SEASHELLS;10008.0;8
62700;;;PICNIC_BASKET1;SEASHELLS;59493.0;2
62700;;;PICNIC_BASKET2;SEASHELLS;30671.0;2
62800;;;DJEMBES;SEASHELLS;13459.0;1
62800;;;KELP;SEASHELLS;2015.0;1
62800;;;SQUID_INK;SEASHELLS;1976.0;1
63000;;;KELP;SEASHELLS;2018.0;1
63000;;;SQUID_INK;SEASHELLS;1977.0;1
63100;;;KELP;SEASHELLS;2016.0;1
63100;;;RAINFOREST_RESIN;SEASHELLS;10008.0;4
63100;;;SQUID_INK;SEASHELLS;1976.0;1
63300;;;RAINFOREST_RESIN;SEASHELLS;9992.0;1
63400;;;KELP;SEASHELLS;2018.0;5
63400;;;RAINFOREST_RESIN;SEASHELLS;10008.0;5
63400;;;SQUID_INK;SEASHELLS;1981.0;5
63500;;;CROISSANTS;SEASHELLS;4322.0;8
63500;;;DJEMBES;SEASHELLS;13459.0;5
63600;;;JAMS;SEASHELLS;6679.0;8
63600;;;KELP;SEASHELLS;2018.0;1
63800;;;KELP;SEASHELLS;2016.0;1
63800;;;SQUID_INK;SEASHELLS;1977.0;1
64000;;;KELP;SEASHELLS;2016.0;1
64000;;;SQUID_INK;SEASHELLS;1979.0;1
64100;;;PICNIC_BASKET1;SEASHELLS;59514.0;5
64100;;;PICNIC_BASKET2;SEASHELLS;30691.0;5
64900;;;JAMS;SEASHELLS;6678.0;8
65000;;;JAMS;SEASHELLS;6678.0;12
65200;;;RAINFOREST_RESIN;SEASHELLS;9992.0;2
65400;;;KELP;SEASHELLS;2016.0;3
65600;;;JAMS;SEASHELLS;6675.0;8
65700;;;RAINFOREST_RESIN;SEASHELLS;10003.0;2
65800;;;DJEMBES;SEASHELLS;13469.0;3
66300;;;KELP;SEASHELLS;2018.0;1
66300;;;SQUID_INK;SEASHELLS;1984.0;1
66700;;;CROISSANTS;SEASHELLS;4322.0;8
66700;;;DJEMBES;SEASHELLS;13473.0;3
66700;;;RAINFOREST_RESIN;SEASHELLS;9999.0;1
66900;;;KELP;SEASHELLS;2017.0;1
66900;;;RAINFOREST_RESIN;SEASHELLS;9992.0;2
66900;;;SQUID_INK;SEASHELLS;1987.0;1
67100;;;CROISSANTS;SEASHELLS;4322.0;5
67100;;;KELP;SEASHELLS;2018.0;9
67100;;;SQUID_INK;SEASHELLS;1987.0;9
67200;;;DJEMBES;SEASHELLS;13475.0;5
67200;;;KELP;SEASHELLS;2015.0;1
67200;;;SQUID_INK;SEASHELLS;1982.0;1
67300;;;RAINFOREST_RESIN;SEASHELLS;9997.0;8
67500;;;KELP;SEASHELLS;2015.0;1
67500;;;SQUID_INK;SEASHELLS;1981.0;1
67600;;;KELP;SEASHELLS;2018.0;12
67600;;;SQUID_INK;SEASHELLS;1985.0;12
68000;;;KELP;SEASHELLS;2015.0;6
68000;;;SQUID_INK;SEASHELLS;1983.0;2
68100;;;PICNIC_BASKET1;SEASHELLS;59558.0;2
68100;;;PICNIC_BASKET2;SEASHELLS;30690.0;8
68200;;;KELP;SEASHELLS;2017.0;1
68200;;;SQUID_INK;SEASHELLS;1984.0;1
68300;;;JAMS;SEASHELLS;6678.0;5
68300;;;KELP;SEASHELLS;2017.0;1
68300;;;SQUID_INK;SEASHELLS;1986.0;1
68500;;;RAINFOREST_RESIN;SEASHELLS;10002.0;5
68600;;;KELP;SEASHELLS;2015.0;1
68600;;;SQUID_INK;SEASHELLS;1982.0;1
68800;;;CROISSANTS;SEASHELLS;4324.0;5
68900;;;KELP;SEASHELLS;2017.0;1
68900;;;SQUID_INK;SEASHELLS;1985.0;1
69100;;;KELP;SEASHELLS;2017.0;1
69100;;;KELP;SEASHELLS;2015.0;8
69100;;;KELP;SEASHELLS;2015.0;1
69100;;;SQUID_INK;SEASHELLS;1984.0;1
69100;;;SQUID_INK;SEASHELLS;1983.0;8
69200;;;KELP;SEASHELLS;2017.0;2
69200;;;KELP;SEASHELLS;2017.0;1
69200;;;SQUID_INK;SEASHELLS;1983.0;1
69300;;;KELP;SEASHELLS;2017.0;1
69300;;;SQUID_INK;SEASHELLS;1983.0;1
69600;;;KELP;SEASHELLS;2015.0;1
69600;;;SQUID_INK;SEASHELLS;1981.0;1
69700;;;KELP;SEASHELLS;2015.0;2
69700;;;SQUID_INK;SEASHELLS;1980.0;1
69700;;;SQUID_INK;SEASHELLS;1980.0;1
70100;;;KELP;SEASHELLS;2015.0;1
70100;;;SQUID_INK;SEASHELLS;1980.0;1
70200;;;CROISSANTS;SEASHELLS;4325.0;8
70200;;;DJEMBES;SEASHELLS;13478.0;9
70500;;;CROISSANTS;SEASHELLS;4324.0;4
70600;;;KELP;SEASHELLS;2015.0;2
70600;;;PICNIC_BASKET1;SEASHELLS;59561.0;1
70600;;;PICNIC_BASKET1;SEASHELLS;59560.0;1
70600;;;PICNIC_BASKET2;SEASHELLS;30702.0;1
70600;;;PICNIC_BASKET2;SEASHELLS;30701.0;1
70600;;;SQUID_INK;SEASHELLS;1980.0;2
70800;;;KELP;SEASHELLS;2015.0;1
70800;;;SQUID_INK;SEASHELLS;1978.0;1
71200;;;KELP;SEASHELLS;2015.0;1
71200;;;SQUID_INK;SEASHELLS;1977.0;1
71300;;;DJEMBES;SEASHELLS;13480.0;1
71400;;;CROISSANTS;SEASHELLS;4325.0;7
71500;;;KELP;SEASHELLS;2015.0;3
71700;;;KELP;SEASHELLS;2014.0;8
71700;;;RAINFOREST_RESIN;SEASHELLS;9992.0;2
71700;;;SQUID_INK;SEASHELLS;1983.0;8
71800;;;JAMS;SEASHELLS;6680.0;9
72000;;;KELP;SEASHELLS;2017.0;1
72000;;;SQUID_INK;SEASHELLS;1985.0;1
72100;;;RAINFOREST_RESIN;SEASHELLS;9999.0;1
72500;;;KELP;SEASHELLS;2017.0;1
72500;;;SQUID_INK;SEASHELLS;1984.0;1
72600;;;SQUID_INK;SEASHELLS;1981.0;4
72900;;;KELP;SEASHELLS;2017.0;1
72900;;;SQUID_INK;SEASHELLS;1985.0;1
73000;;;KELP;SEASHELLS;2014.0;1
73000;;;RAINFOREST_RESIN;SEASHELLS;9992.0;6
73000;;;SQUID_INK;SEASHELLS;1981.0;1
73200;;;RAINFOREST_RESIN;SEASHELLS;9999.0;1
73600;;;RAINFOREST_RESIN;SEASHELLS;10001.0;1
73700;;;DJEMBES;SEASHELLS;13487.0;3
73900;;;KELP;SEASHELLS;2015.0;5
73900;;;KELP;SEASHELLS;2015.0;3
73900;;;PICNIC_BASKET1;SEASHELLS;59599.0;5
73900;;;PICNIC_BASKET2;SEASHELLS;30722.0;5
73900;;;RAINFOREST_RESIN;SEASHELLS;9992.0;4
73900;;;SQUID_INK;SEASHELLS;1984.0;5
73900;;;SQUID_INK;SEASHELLS;1984.0;3
74100;;;JAMS;SEASHELLS;6680.0;9
74300;;;DJEMBES;SEASHELLS;13487.0;10
74300;;;KELP;SEASHELLS;2014.0;1
74300;;;SQUID_INK;SEASHELLS;1983.0;1
74600;;;RAINFOREST_RESIN;SEASHELLS;9999.0;1
74900;;;CROISSANTS;SEASHELLS;4325.0;6
75000;;;KELP;SEASHELLS;2016.0;1
75000;;;SQUID_INK;SEASHELLS;1988.0;1
75100;;;RAINFOREST_RESIN;SEASHELLS;9999.0;1
75200;;;SQUID_INK;SEASHELLS;1987.0;3
75400;;;JAMS;SEASHELLS;6679.0;10
75500;;;KELP;SEASHELLS;2014.0;2
75500;;;SQUID_INK;SEASHELLS;1985.0;2
75700;;;DJEMBES;SEASHELLS;13492.0;3
75800;;;RAINFOREST_RESIN;SEASHELLS;10008.0;4
75800;;;RAINFOREST_RESIN;SEASHELLS;9992.0;5
75900;;;KELP;SEASHELLS;2014.0;6
75900;;;SQUID_INK;SEASHELLS;1984.0;6
76100;;;DJEMBES;SEASHELLS;13491.0;11
76100;;;RAINFOREST_RESIN;SEASHELLS;9997.0;4
76200;;;JAMS;SEASHELLS;6680.0;4
76200;;;JAMS;SEASHELLS;6680.0;4
76200;;;KELP;SEASHELLS;2014.0;14
76200;;;SQUID_INK;SEASHELLS;1984.0;14
76800;;;RAINFOREST_RESIN;SEASHELLS;9992.0;5
76900;;;JAMS;SEASHELLS;6683.0;6
76900;;;KELP;SEASHELLS;2014.0;2
76900;;;KELP;SEASHELLS;2014.0;3
76900;;;SQUID_INK;SEASHELLS;1984.0;2
76900;;;SQUID_INK;SEASHELLS;1984.0;3
77000;;;JAMS;SEASHELLS;6683.0;4
77000;;;KELP;SEASHELLS;2016.0;2
77000;;;SQUID_INK;SEASHELLS;1986.0;2
77100;;;CROISSANTS;SEASHELLS;4329.0;7
77100;;;KELP;SEASHELLS;2015.0;2
77100;;;SQUID_INK;SEASHELLS;1986.0;2
77200;;;KELP;SEASHELLS;2014.0;1
77200;;;KELP;SEASHELLS;2012.0;10
77200;;;SQUID_INK;SEASHELLS;1986.0;1
77200;;;SQUID_INK;SEASHELLS;1984.0;10
77600;;;DJEMBES;SEASHELLS;13494.0;9
77600;;;KELP;SEASHELLS;2012.0;3
77600;;;KELP;SEASHELLS;2012.0;7
77600;;;RAINFOREST_RESIN;SEASHELLS;10008.0;2
77600;;;SQUID_INK;SEASHELLS;1990.0;3
77600;;;SQUID_INK;SEASHELLS;1990.0;7
77900;;;PICNIC_BASKET1;SEASHELLS;59638.0;2
77900;;;PICNIC_BASKET2;SEASHELLS;30736.0;9
78000;;;RAINFOREST_RESIN;SEASHELLS;9992.0;2
78000;;;RAINFOREST_RESIN;SEASHELLS;9997.0;4
78100;;;JAMS;SEASHELLS;6682.0;4
78100;;;KELP;SEASHELLS;2013.0;1
78100;;;KELP;SEASHELLS;2014.0;3
78100;;;SQUID_INK;SEASHELLS;1991.0;3
78100;;;SQUID_INK;SEASHELLS;1991.0;1
78200;;;RAINFOREST_RESIN;SEASHELLS;10008.0;7
78300;;;RAINFOREST_RESIN;SEASHELLS;10001.0;1
78400;;;PICNIC_BASKET1;SEASHELLS;59651.0;8
78400;;;PICNIC_BASKET2;SEASHELLS;30739.0;8
78700;;;KELP;SEASHELLS;2013.0;2
78700;;;SQUID_INK;SEASHELLS;1991.0;2
78900;;;KELP;SEASHELLS;2015.0;1
78900;;;SQUID_INK;SEASHELLS;1992.0;1
79000;;;KELP;SEASHELLS;2013.0;3
79000;;;RAINFOREST_RESIN;SEASHELLS;9999.0;1
79000;;;SQUID_INK;SEASHELLS;1989.0;3
79100;;;KELP;SEASHELLS;2013.0;1
79100;;;SQUID_INK;SEASHELLS;1989.0;1
79200;;;KELP;SEASHELLS;2014.0;5
79200;;;SQUID_INK;SEASHELLS;1989.0;5
79400;;;DJEMBES;SEASHELLS;13494.0;5
79400;;;KELP;SEASHELLS;2013.0;1
79400;;;SQUID_INK;SEASHELLS;1989.0;1
79500;;;JAMS;SEASHELLS;6684.0;4
79600;;;KELP;SEASHELLS;2013.0;13
79600;;;RAINFOREST_RESIN;SEASHELLS;9999.0;1
79600;;;SQUID_INK;SEASHELLS;1988.0;13
79900;;;JAMS;SEASHELLS;6682.0;10
79900;;;KELP;SEASHELLS;2013.0;1
79900;;;SQUID_INK;SEASHELLS;1989.0;1
80100;;;CROISSANTS;SEASHELLS;4329.0;8
80300;;;JAMS;SEASHELLS;6683.0;5
80500;;;CROISSANTS;SEASHELLS;4331.0;8
80500;;;DJEMBES;SEASHELLS;13498.0;2
80500;;;SQUID_INK;SEASHELLS;1987.0;6
80700;;;CROISSANTS;SEASHELLS;4333.0;8
80800;;;RAINFOREST_RESIN;SEASHELLS;10008.0;6
80900;;;KELP;SEASHELLS;2013.0;1
80900;;;SQUID_INK;SEASHELLS;1986.0;1
81000;;;RAINFOREST_RESIN;SEASHELLS;10008.0;2
81000;;;RAINFOREST_RESIN;SEASHELLS;10001.0;1
81100;;;KELP;SEASHELLS;2015.0;1
81100;;;SQUID_INK;SEASHELLS;1987.0;1
81200;;;CROISSANTS;SEASHELLS;4334.0;7
81600;;;JAMS;SEASHELLS;6683.0;7
81600;;;PICNIC_BASKET1;SEASHELLS;59679.0;2
81600;;;PICNIC_BASKET2;SEASHELLS;30750.0;6
82000;;;JAMS;SEASHELLS;6682.0;6
82200;;;DJEMBES;SEASHELLS;13492.0;4
82500;;;KELP;SEASHELLS;2015.0;1
82500;;;SQUID_INK;SEASHELLS;1980.0;1
82600;;;DJEMBES;SEASHELLS;13493.0;2
82600;;;KELP;SEASHELLS;2016.0;1
82600;;;KELP;SEASHELLS;2016.0;3
82600;;;SQUID_INK;SEASHELLS;1981.0;1
82600;;;SQUID_INK;SEASHELLS;1981.0;3
82800;;;KELP;SEASHELLS;2018.0;1
82800;;;SQUID_INK;SEASHELLS;1984.0;1
83000;;;DJEMBES;SEASHELLS;13494.0;2
83000;;;JAMS;SEASHELLS;6683.0;4
83100;;;KELP;SEASHELLS;2016.0;1
83100;;;KELP;SEASHELLS;2016.0;3
83100;;;SQUID_INK;SEASHELLS;1982.0;1
83100;;;SQUID_INK;SEASHELLS;1982.0;3
83200;;;PICNIC_BASKET1;SEASHELLS;59674.0;2
83200;;;PICNIC_BASKET2;SEASHELLS;30768.0;5
83600;;;CROISSANTS;SEASHELLS;4333.0;5
83700;;;CROISSANTS;SEASHELLS;4332.0;6
83700;;;RAINFOREST_RESIN;SEASHELLS;10008.0;6
83700;;;SQUID_INK;SEASHELLS;1975.0;1
84000;;;RAINFOREST_RESIN;SEASHELLS;10008.0;5
84100;;;DJEMBES;SEASHELLS;13496.0;1
84200;;;CROISSANTS;SEASHELLS;4332.0;6
84200;;;JAMS;SEASHELLS;6681.0;8
84200;;;KELP;SEASHELLS;2016.0;1
84200;;;SQUID_INK;SEASHELLS;1971.0;1
84300;;;RAINFOREST_RESIN;SEASHELLS;10001.0;1
84500;;;KELP;SEASHELLS;2015.0;1
84500;;;SQUID_INK;SEASHELLS;1969.0;1
84600;;;CROISSANTS;SEASHELLS;4332.0;10
84700;;;JAMS;SEASHELLS;6682.0;8
84800;;;JAMS;SEASHELLS;6684.0;9
84800;;;RAINFOREST_RESIN;SEASHELLS;10001.0;1
85100;;;KELP;SEASHELLS;2018.0;14
85100;;;KELP;SEASHELLS;2015.0;13
85100;;;SQUID_INK;SEASHELLS;1971.0;14
85100;;;SQUID_INK;SEASHELLS;1968.0;13
85400;;;CROISSANTS;SEASHELLS;4331.0;6
85400;;;RAINFOREST_RESIN;SEASHELLS;9992.0;4
85500;;;DJEMBES;SEASHELLS;13507.0;4
85600;;;JAMS;SEASHELLS;6685.0;9
85700;;;CROISSANTS;SEASHELLS;4332.0;4
85700;;;DJEMBES;SEASHELLS;13505.0;3
85800;;;KELP;SEASHELLS;2015.0;1
85800;;;SQUID_INK;SEASHELLS;1965.0;1
86000;;;CROISSANTS;SEASHELLS;4333.0;5
86200;;;KELP;SEASHELLS;2015.0;3
86200;;;SQUID_INK;SEASHELLS;1963.0;3
86300;;;JAMS;SEASHELLS;6686.0;5
86400;;;PICNIC_BASKET1;SEASHELLS;59729.0;1
86400;;;PICNIC_BASKET2;SEASHELLS;30758.0;1
86700;;;DJEMBES;SEASHELLS;13497.0;4
86700;;;KELP;SEASHELLS;2015.0;1
86700;;;SQUID_INK;SEASHELLS;1959.0;1
86800;;;DJEMBES;SEASHELLS;13496.0;5
86900;;;DJEMBES;SEASHELLS;13494.0;5
86900;;;DJEMBES;SEASHELLS;13495.0;2
87100;;;JAMS;SEASHELLS;6687.0;8
87300;;;DJEMBES;SEASHELLS;13494.0;2
87400;;;KELP;SEASHELLS;2015.0;1
87400;;;SQUID_INK;SEASHELLS;1962.0;1
87500;;;DJEMBES;SEASHELLS;13494.0;6
87500;;;DJEMBES;SEASHELLS;13494.0;5
87700;;;KELP;SEASHELLS;2013.0;1
87700;;;RAINFOREST_RESIN;SEASHELLS;9999.0;1
87700;;;SQUID_INK;SEASHELLS;1962.0;1
87800;;;DJEMBES;SEASHELLS;13491.0;1
87900;;;DJEMBES;SEASHELLS;13491.0;1
87900;;;KELP;SEASHELLS;2017.0;1
87900;;;SQUID_INK;SEASHELLS;1966.0;1
88000;;;KELP;SEASHELLS;2013.0;2
88000;;;SQUID_INK;SEASHELLS;1962.0;2
88100;;;KELP;SEASHELLS;2017.0;8
88100;;;SQUID_INK;SEASHELLS;1966.0;8
88300;;;JAMS;SEASHELLS;6687.0;3
88300;;;KELP;SEASHELLS;2014.0;1
88300;;;SQUID_INK;SEASHELLS;1964.0;1
88400;;;CROISSANTS;SEASHELLS;4332.0;6
88500;;;KELP;SEASHELLS;2016.0;1
88500;;;RAINFOREST_RESIN;SEASHELLS;10003.0;9
88500;;;SQUID_INK;SEASHELLS;1966.0;1
88700;;;DJEMBES;SEASHELLS;13490.0;4
88700;;;RAINFOREST_RESIN;SEASHELLS;9999.0;1
88900;;;KELP;SEASHELLS;2014.0;1
89100;;;JAMS;SEASHELLS;6687.0;10
89100;;;KELP;SEASHELLS;2014.0;1
89100;;;SQUID_INK;SEASHELLS;1964.0;1
89200;;;JAMS;SEASHELLS;6685.0;10
89200;;;PICNIC_BASKET1;SEASHELLS;59729.0;1
89200;;;PICNIC_BASKET2;SEASHELLS;30756.0;1
89200;;;RAINFOREST_RESIN;SEASHELLS;10001.0;1
89400;;;DJEMBES;SEASHELLS;13489.0;3
89500;;;JAMS;SEASHELLS;6683.0;9
89600;;;KELP;SEASHELLS;2016.0;6
89600;;;KELP;SEASHELLS;2016.0;2
89600;;;SQUID_INK;SEASHELLS;1969.0;6
89600;;;SQUID_INK;SEASHELLS;1969.0;2
89800;;;CROISSANTS;SEASHELLS;4331.0;8
89800;;;JAMS;SEASHELLS;6681.0;4
89800;;;KELP;SEASHELLS;2014.0;1
89800;;;SQUID_INK;SEASHELLS;1966.0;1
89900;;;KELP;SEASHELLS;2014.0;2
89900;;;SQUID_INK;SEASHELLS;1966.0;2
90200;;;DJEMBES;SEASHELLS;13488.0;2
90500;;;RAINFOREST_RESIN;SEASHELLS;10008.0;1
90700;;;PICNIC_BASKET1;SEASHELLS;59691.0;2
90700;;;PICNIC_BASKET2;SEASHELLS;30734.0;5
90800;;;RAINFOREST_RESIN;SEASHELLS;9999.0;1
90900;;;KELP;SEASHELLS;2017.0;1
90900;;;RAINFOREST_RESIN;SEASHELLS;9999.0;1
90900;;;SQUID_INK;SEASHELLS;1970.0;1
91000;;;KELP;SEASHELLS;2017.0;1
91000;;;SQUID_INK;SEASHELLS;1970.0;1
91100;;;KELP;SEASHELLS;2015.0;1
91100;;;SQUID_INK;SEASHELLS;1967.0;1
91200;;;CROISSANTS;SEASHELLS;4329.0;6
91200;;;KELP;SEASHELLS;2015.0;1
91200;;;RAINFOREST_RESIN;SEASHELLS;10002.0;3
91200;;;SQUID_INK;SEASHELLS;1967.0;1
91500;;;KELP;SEASHELLS;2015.0;15
91500;;;SQUID_INK;SEASHELLS;1971.0;15
91700;;;JAMS;SEASHELLS;6680.0;8
91700;;;SQUID_INK;SEASHELLS;1973.0;1
92200;;;JAMS;SEASHELLS;6682.0;8
92200;;;KELP;SEASHELLS;2015.0;8
92200;;;KELP;SEASHELLS;2015.0;2
92200;;;SQUID_INK;SEASHELLS;1975.0;8
92200;;;SQUID_INK;SEASHELLS;1975.0;2
92300;;;KELP;SEASHELLS;2018.0;12
92300;;;SQUID_INK;SEASHELLS;1981.0;12
92600;;;RAINFOREST_RESIN;SEASHELLS;10001.0;1
92700;;;KELP;SEASHELLS;2015.0;1
92700;;;KELP;SEASHELLS;2016.0;1
92700;;;SQUID_INK;SEASHELLS;1978.0;1
92700;;;SQUID_INK;SEASHELLS;1978.0;1
92800;;;JAMS;SEASHELLS;6684.0;6
92900;;;JAMS;SEASHELLS;6683.0;12
92900;;;KELP;SEASHELLS;2016.0;1
92900;;;SQUID_INK;SEASHELLS;1978.0;1
93100;;;SQUID_INK;SEASHELLS;1979.0;3
93200;;;KELP;SEASHELLS;2019.0;1
93200;;;SQUID_INK;SEASHELLS;1979.0;1
93300;;;KELP;SEASHELLS;2019.0;1
93300;;;SQUID_INK;SEASHELLS;1979.0;1
93600;;;KELP;SEASHELLS;2023.0;1
93600;;;SQUID_INK;SEASHELLS;1979.0;1
94100;;;CROISSANTS;SEASHELLS;4329.0;7
94100;;;JAMS;SEASHELLS;6683.0;4
94200;;;DJEMBES;SEASHELLS;13479.0;3
94400;;;KELP;SEASHELLS;2023.0;1
94400;;;SQUID_INK;SEASHELLS;1977.0;1
94600;;;CROISSANTS;SEASHELLS;4329.0;8
94700;;;CROISSANTS;SEASHELLS;4330.0;6
94900;;;KELP;SEASHELLS;2023.0;6
94900;;;SQUID_INK;SEASHELLS;1978.0;6
95000;;;JAMS;SEASHELLS;6680.0;6
95000;;;KELP;SEASHELLS;2023.0;1
95000;;;SQUID_INK;SEASHELLS;1977.0;1
95300;;;DJEMBES;SEASHELLS;13475.0;4
95300;;;JAMS;SEASHELLS;6681.0;8
95500;;;JAMS;SEASHELLS;6681.0;6
95500;;;RAINFOREST_RESIN;SEASHELLS;10000.0;4
95600;;;KELP;SEASHELLS;2018.0;1
95600;;;PICNIC_BASKET1;SEASHELLS;59685.0;9
95600;;;PICNIC_BASKET2;SEASHELLS;30732.0;9
95600;;;SQUID_INK;SEASHELLS;1974.0;1
95700;;;CROISSANTS;SEASHELLS;4329.0;9
95700;;;CROISSANTS;SEASHELLS;4330.0;5
95900;;;CROISSANTS;SEASHELLS;4330.0;6
96000;;;KELP;SEASHELLS;2016.0;2
96000;;;SQUID_INK;SEASHELLS;1975.0;2
96200;;;KELP;SEASHELLS;2017.0;1
96200;;;SQUID_INK;SEASHELLS;1975.0;1
96300;;;KELP;SEASHELLS;2016.0;1
96300;;;SQUID_INK;SEASHELLS;1976.0;1
96600;;;CROISSANTS;SEASHELLS;4330.0;9
96900;;;CROISSANTS;SEASHELLS;4330.0;9
96900;;;DJEMBES;SEASHELLS;13477.0;3
96900;;;JAMS;SEASHELLS;6678.0;5
96900;;;KELP;SEASHELLS;2018.0;14
96900;;;RAINFOREST_RESIN;SEASHELLS;9999.0;1
96900;;;SQUID_INK;SEASHELLS;1979.0;14
97100;;;KELP;SEASHELLS;2018.0;1
97100;;;RAINFOREST_RESIN;SEASHELLS;9992.0;1
97100;;;SQUID_INK;SEASHELLS;1974.0;1
97200;;;CROISSANTS;SEASHELLS;4332.0;7
97200;;;KELP;SEASHELLS;2018.0;10
97200;;;KELP;SEASHELLS;2019.0;3
97200;;;SQUID_INK;SEASHELLS;1973.0;1
97200;;;SQUID_INK;SEASHELLS;1973.0;9
97300;;;KELP;SEASHELLS;2018.0;1
97300;;;SQUID_INK;SEASHELLS;1974.0;1
97400;;;RAINFOREST_RESIN;SEASHELLS;10008.0;1
97400;;;RAINFOREST_RESIN;SEASHELLS;10002.0;3
97500;;;PICNIC_BASKET1;SEASHELLS;59704.0;2
97500;;;PICNIC_BASKET2;SEASHELLS;30741.0;2
97700;;;KELP;SEASHELLS;2021.0;1
97700;;;SQUID_INK;SEASHELLS;1977.0;1
97900;;;KELP;SEASHELLS;2018.0;1
97900;;;SQUID_INK;SEASHELLS;1974.0;1
98400;;;CROISSANTS;SEASHELLS;4332.0;5
98400;;;KELP;SEASHELLS;2020.0;7
98400;;;RAINFOREST_RESIN;SEASHELLS;10001.0;1
98400;;;SQUID_INK;SEASHELLS;1978.0;7
98500;;;CROISSANTS;SEASHELLS;4333.0;8
98600;;;JAMS;SEASHELLS;6681.0;11
98800;;;CROISSANTS;SEASHELLS;4333.0;5
98800;;;KELP;SEASHELLS;2020.0;1
98800;;;SQUID_INK;SEASHELLS;1977.0;1
98900;;;KELP;SEASHELLS;2021.0;15
98900;;;SQUID_INK;SEASHELLS;1979.0;15
99000;;;KELP;SEASHELLS;2018.0;1
99000;;;SQUID_INK;SEASHELLS;1977.0;1
99200;;;JAMS;SEASHELLS;6679.0;6
99300;;;PICNIC_BASKET1;SEASHELLS;59702.0;2
99300;;;PICNIC_BASKET1;SEASHELLS;59702.0;1
99300;;;PICNIC_BASKET2;SEASHELLS;30742.0;2
99300;;;PICNIC_BASKET2;SEASHELLS;30741.0;1
99300;;;PICNIC_BASKET2;SEASHELLS;30747.0;6
99400;;;CROISSANTS;SEASHELLS;4332.0;5
99400;;;DJEMBES;SEASHELLS;13471.0;4
99400;;;JAMS;SEASHELLS;6683.0;3
99400;;;KELP;SEASHELLS;2022.0;2
99400;;;SQUID_INK;SEASHELLS;1980.0;2
99600;;;CROISSANTS;SEASHELLS;4333.0;8
99800;;;KELP;SEASHELLS;2022.0;4
99800;;;SQUID_INK;SEASHELLS;1981.0;4
99900;;;KELP;SEASHELLS;2018.0;1
99900;;;SQUID_INK;SEASHELLS;1978.0;1
100000;;;KELP;SEASHELLS;2020.0;1
100000;;;SQUID_INK;SEASHELLS;1981.0;1
100300;;;JAMS;SEASHELLS;6683.0;3
100500;;;RAINFOREST_RESIN;SEASHELLS;9998.0;4
100600;;;RAINFOREST_RESIN;SEASHELLS;10002.0;2
100700;;;DJEMBES;SEASHELLS;13475.0;3
100700;;;RAINFOREST_RESIN;SEASHELLS;9992.0;5
100700;;;RAINFOREST_RESIN;SEASHELLS;9999.0;1
100900;;;KELP;SEASHELLS;2018.0;8
100900;;;RAINFOREST_RESIN;SEASHELLS;9998.0;4
100900;;;SQUID_INK;SEASHELLS;1972.0;8
101100;;;PICNIC_BASKET1;SEASHELLS;59728.0;1
101100;;;PICNIC_BASKET2;SEASHELLS;30755.0;10
101200;;;KELP;SEASHELLS;2019.0;1
101200;;;KELP;SEASHELLS;2022.0;15
101200;;;KELP;SEASHELLS;2022.0;2
101200;;;SQUID_INK;SEASHELLS;1969.0;1
101200;;;SQUID_INK;SEASHELLS;1973.0;15
101200;;;SQUID_INK;SEASHELLS;1973.0;2
101400;;;RAINFOREST_RESIN;SEASHELLS;9998.0;4
101500;;;KELP;SEASHELLS;2019.0;1
101500;;;KELP;SEASHELLS;2022.0;2
101500;;;SQUID_INK;SEASHELLS;1966.0;1
101500;;;SQUID_INK;SEASHELLS;1969.0;2
101600;;;KELP;SEASHELLS;2019.0;5
101600;;;KELP;SEASHELLS;2019.0;1
101600;;;RAINFOREST_RESIN;SEASHELLS;10003.0;8
101600;;;RAINFOREST_RESIN;SEASHELLS;10003.0;2
101600;;;SQUID_INK;SEASHELLS;1967.0;5
101600;;;SQUID_INK;SEASHELLS;1967.0;1
101700;;;RAINFOREST_RESIN;SEASHELLS;9992.0;1
101900;;;RAINFOREST_RESIN;SEASHELLS;9998.0;1
102200;;;CROISSANTS;SEASHELLS;4334.0;8
102200;;;KELP;SEASHELLS;2021.0;1
102200;;;KELP;SEASHELLS;2021.0;2
102200;;;SQUID_INK;SEASHELLS;1967.0;1
102200;;;SQUID_INK;SEASHELLS;1967.0;2
102500;;;JAMS;SEASHELLS;6684.0;7
102500;;;RAINFOREST_RESIN;SEASHELLS;10008.0;6
102600;;;KELP;SEASHELLS;2019.0;2
102600;;;SQUID_INK;SEASHELLS;1968.0;2
103000;;;JAMS;SEASHELLS;6685.0;9
103100;;;JAMS;SEASHELLS;6685.0;5
103200;;;JAMS;SEASHELLS;6683.0;12
103300;;;DJEMBES;SEASHELLS;13482.0;5
103400;;;SQUID_INK;SEASHELLS;1966.0;1
103600;;;RAINFOREST_RESIN;SEASHELLS;9992.0;2
103800;;;JAMS;SEASHELLS;6683.0;9
103900;;;RAINFOREST_RESIN;SEASHELLS;10008.0;1
104000;;;SQUID_INK;SEASHELLS;1967.0;1
104200;;;KELP;SEASHELLS;2019.0;1
104200;;;SQUID_INK;SEASHELLS;1965.0;1
104300;;;KELP;SEASHELLS;2019.0;1
104300;;;RAINFOREST_RESIN;SEASHELLS;10008.0;6
104300;;;SQUID_INK;SEASHELLS;1967.0;1
104600;;;RAINFOREST_RESIN;SEASHELLS;9997.0;2
104900;;;KELP;SEASHELLS;2021.0;1
104900;;;SQUID_INK;SEASHELLS;1972.0;1
105200;;;DJEMBES;SEASHELLS;13483.0;4
105200;;;KELP;SEASHELLS;2018.0;1
105200;;;PICNIC_BASKET2;SEASHELLS;30746.0;1
105200;;;SQUID_INK;SEASHELLS;1971.0;1
105600;;;RAINFOREST_RESIN;SEASHELLS;10008.0;2
105700;;;KELP;SEASHELLS;2020.0;1
105700;;;SQUID_INK;SEASHELLS;1973.0;1
106000;;;KELP;SEASHELLS;2018.0;4
106000;;;SQUID_INK;SEASHELLS;1973.0;4
106100;;;CROISSANTS;SEASHELLS;4336.0;6
106100;;;RAINFOREST_RESIN;SEASHELLS;9992.0;7
106200;;;JAMS;SEASHELLS;6682.0;10
106200;;;KELP;SEASHELLS;2021.0;13
106200;;;SQUID_INK;SEASHELLS;1976.0;13
106300;;;KELP;SEASHELLS;2018.0;1
106300;;;KELP;SEASHELLS;2018.0;4
106300;;;KELP;SEASHELLS;2018.0;4
106300;;;SQUID_INK;SEASHELLS;1972.0;1
106300;;;SQUID_INK;SEASHELLS;1972.0;4
106300;;;SQUID_INK;SEASHELLS;1972.0;4
106500;;;JAMS;SEASHELLS;6679.0;5
106600;;;PICNIC_BASKET1;SEASHELLS;59711.0;8
106600;;;PICNIC_BASKET2;SEASHELLS;30762.0;8
106600;;;RAINFOREST_RESIN;SEASHELLS;9992.0;2
106700;;;CROISSANTS;SEASHELLS;4337.0;5
106900;;;RAINFOREST_RESIN;SEASHELLS;9992.0;5
107000;;;SQUID_INK;SEASHELLS;1972.0;2
107100;;;DJEMBES;SEASHELLS;13483.0;5
107300;;;CROISSANTS;SEASHELLS;4337.0;5
107400;;;KELP;SEASHELLS;2019.0;1
107400;;;RAINFOREST_RESIN;SEASHELLS;10001.0;1
107400;;;SQUID_INK;SEASHELLS;1972.0;1
107500;;;RAINFOREST_RESIN;SEASHELLS;10008.0;5
107500;;;RAINFOREST_RESIN;SEASHELLS;10002.0;3
107600;;;KELP;SEASHELLS;2020.0;1
107600;;;SQUID_INK;SEASHELLS;1974.0;1
107700;;;JAMS;SEASHELLS;6680.0;9
107800;;;CROISSANTS;SEASHELLS;4337.0;7
108200;;;RAINFOREST_RESIN;SEASHELLS;10008.0;5
108300;;;DJEMBES;SEASHELLS;13478.0;5
108300;;;RAINFOREST_RESIN;SEASHELLS;9998.0;5
108400;;;KELP;SEASHELLS;2019.0;1
108400;;;RAINFOREST_RESIN;SEASHELLS;9992.0;8
108400;;;SQUID_INK;SEASHELLS;1974.0;1
108500;;;KELP;SEASHELLS;2017.0;1
108500;;;SQUID_INK;SEASHELLS;1971.0;1
108900;;;JAMS;SEASHELLS;6680.0;7
109000;;;JAMS;SEASHELLS;6680.0;9
109000;;;KELP;SEASHELLS;2017.0;1
109000;;;SQUID_INK;SEASHELLS;1972.0;1
109100;;;KELP;SEASHELLS;2017.0;1
109100;;;SQUID_INK;SEASHELLS;1971.0;1
109300;;;KELP;SEASHELLS;2017.0;1
109300;;;KELP;SEASHELLS;2020.0;11
109300;;;SQUID_INK;SEASHELLS;1971.0;1
109300;;;SQUID_INK;SEASHELLS;1974.0;11
109500;;;RAINFOREST_RESIN;SEASHELLS;10008.0;1
109600;;;JAMS;SEASHELLS;6682.0;10
109700;;;KELP;SEASHELLS;2018.0;1
109700;;;SQUID_INK;SEASHELLS;1973.0;1
110100;;;KELP;SEASHELLS;2018.0;1
110100;;;RAINFOREST_RESIN;SEASHELLS;9992.0;7
110100;;;SQUID_INK;SEASHELLS;1972.0;1
110300;;;JAMS;SEASHELLS;6683.0;5
110400;;;KELP;SEASHELLS;2018.0;7
110400;;;SQUID_INK;SEASHELLS;1973.0;7
110500;;;JAMS;SEASHELLS;6683.0;10
110600;;;JAMS;SEASHELLS;6682.0;9
110600;;;RAINFOREST_RESIN;SEASHELLS;10003.0;3
110600;;;RAINFOREST_RESIN;SEASHELLS;10003.0;5
110700;;;RAINFOREST_RESIN;SEASHELLS;10008.0;1
110800;;;RAINFOREST_RESIN;SEASHELLS;10002.0;5
110900;;;RAINFOREST_RESIN;SEASHELLS;9992.0;1
111000;;;CROISSANTS;SEASHELLS;4336.0;8
111000;;;KELP;SEASHELLS;2021.0;1
111000;;;SQUID_INK;SEASHELLS;1976.0;1
111100;;;JAMS;SEASHELLS;6684.0;7
111100;;;KELP;SEASHELLS;2022.0;15
111100;;;SQUID_INK;SEASHELLS;1977.0;15
111200;;;PICNIC_BASKET1;SEASHELLS;59700.0;1
111200;;;PICNIC_BASKET2;SEASHELLS;30779.0;6
111300;;;KELP;SEASHELLS;2019.0;1
111300;;;SQUID_INK;SEASHELLS;1975.0;1
111500;;;CROISSANTS;SEASHELLS;4334.0;8
111600;;;RAINFOREST_RESIN;SEASHELLS;9997.0;1
111700;;;CROISSANTS;SEASHELLS;4334.0;5
111700;;;KELP;SEASHELLS;2019.0;1
111700;;;SQUID_INK;SEASHELLS;1975.0;1
111800;;;CROISSANTS;SEASHELLS;4333.0;8
111800;;;RAINFOREST_RESIN;SEASHELLS;10001.0;1
112200;;;SQUID_INK;SEASHELLS;1979.0;1
112300;;;RAINFOREST_RESIN;SEASHELLS;10002.0;4
112600;;;DJEMBES;SEASHELLS;13484.0;5
112700;;;JAMS;SEASHELLS;6689.0;11
112800;;;RAINFOREST_RESIN;SEASHELLS;9999.0;1
112900;;;JAMS;SEASHELLS;6690.0;10
113000;;;DJEMBES;SEASHELLS;13480.0;4
113300;;;DJEMBES;SEASHELLS;13482.0;2
113300;;;KELP;SEASHELLS;2018.0;5
113300;;;SQUID_INK;SEASHELLS;1978.0;5
113700;;;JAMS;SEASHELLS;6688.0;9
113700;;;KELP;SEASHELLS;2018.0;1
113700;;;KELP;SEASHELLS;2018.0;6
113700;;;KELP;SEASHELLS;2018.0;6
113700;;;RAINFOREST_RESIN;SEASHELLS;9992.0;9
113700;;;SQUID_INK;SEASHELLS;1977.0;1
113700;;;SQUID_INK;SEASHELLS;1977.0;6
113700;;;SQUID_INK;SEASHELLS;1977.0;6
113800;;;KELP;SEASHELLS;2021.0;13
113800;;;KELP;SEASHELLS;2017.0;2
113800;;;SQUID_INK;SEASHELLS;1982.0;13
113800;;;SQUID_INK;SEASHELLS;1979.0;2
113900;;;CROISSANTS;SEASHELLS;4337.0;9
113900;;;CROISSANTS;SEASHELLS;4339.0;7
114000;;;DJEMBES;SEASHELLS;13482.0;8
114000;;;JAMS;SEASHELLS;6686.0;9
114100;;;KELP;SEASHELLS;2020.0;1
114400;;;RAINFOREST_RESIN;SEASHELLS;9998.0;3
114600;;;JAMS;SEASHELLS;6689.0;5
114800;;;DJEMBES;SEASHELLS;13481.0;3
114800;;;JAMS;SEASHELLS;6690.0;5
114800;;;KELP;SEASHELLS;2021.0;15
114800;;;SQUID_INK;SEASHELLS;1984.0;15
114900;;;RAINFOREST_RESIN;SEASHELLS;10001.0;1
115100;;;SQUID_INK;SEASHELLS;1981.0;1
115400;;;DJEMBES;SEASHELLS;13478.0;1
115700;;;KELP;SEASHELLS;2020.0;1
115700;;;SQUID_INK;SEASHELLS;1982.0;1
115900;;;JAMS;SEASHELLS;6688.0;8
116000;;;CROISSANTS;SEASHELLS;4339.0;7
116000;;;KELP;SEASHELLS;2018.0;1
116000;;;KELP;SEASHELLS;2021.0;10
116000;;;SQUID_INK;SEASHELLS;1978.0;1
116000;;;SQUID_INK;SEASHELLS;1982.0;10
116200;;;KELP;SEASHELLS;2018.0;1
116200;;;SQUID_INK;SEASHELLS;1977.0;1
116400;;;DJEMBES;SEASHELLS;13478.0;5
116500;;;DJEMBES;SEASHELLS;13478.0;1
116600;;;CROISSANTS;SEASHELLS;4338.0;4
117000;;;CROISSANTS;SEASHELLS;4338.0;5
117000;;;JAMS;SEASHELLS;6689.0;7
117200;;;RAINFOREST_RESIN;SEASHELLS;10008.0;9
117300;;;JAMS;SEASHELLS;6689.0;9
117500;;;JAMS;SEASHELLS;6689.0;6
117500;;;KELP;SEASHELLS;2018.0;2
117500;;;SQUID_INK;SEASHELLS;1979.0;2
117700;;;KELP;SEASHELLS;2018.0;1
117700;;;SQUID_INK;SEASHELLS;1979.0;5
117800;;;DJEMBES;SEASHELLS;13490.0;1
117900;;;SQUID_INK;SEASHELLS;1980.0;4
118000;;;DJEMBES;SEASHELLS;13493.0;1
118100;;;DJEMBES;SEASHELLS;13492.0;5
118200;;;KELP;SEASHELLS;2017.0;1
118200;;;SQUID_INK;SEASHELLS;1981.0;1
118300;;;JAMS;SEASHELLS;6691.0;9
118300;;;KELP;SEASHELLS;2018.0;1
118300;;;SQUID_INK;SEASHELLS;1981.0;1
118400;;;CROISSANTS;SEASHELLS;4338.0;6
118500;;;SQUID_INK;SEASHELLS;1980.0;1
118700;;;KELP;SEASHELLS;2017.0;10
118700;;;SQUID_INK;SEASHELLS;1981.0;10
119000;;;DJEMBES;SEASHELLS;13494.0;4
119100;;;CROISSANTS;SEASHELLS;4339.0;6
119100;;;KELP;SEASHELLS;2019.0;2
119300;;;RAINFOREST_RESIN;SEASHELLS;10001.0;1
119400;;;RAINFOREST_RESIN;SEASHELLS;10001.0;1
119600;;;KELP;SEASHELLS;2017.0;1
119600;;;SQUID_INK;SEASHELLS;1981.0;1
119800;;;DJEMBES;SEASHELLS;13495.0;3
119800;;;KELP;SEASHELLS;2019.0;1
119800;;;KELP;SEASHELLS;2018.0;1
119800;;;RAINFOREST_RESIN;SEASHELLS;9992.0;4
119800;;;SQUID_INK;SEASHELLS;1982.0;1
119800;;;SQUID_INK;SEASHELLS;1981.0;1
119900;;;KELP;SEASHELLS;2017.0;1
119900;;;SQUID_INK;SEASHELLS;1980.0;1
120300;;;KELP;SEASHELLS;2015.0;2
120300;;;SQUID_INK;SEASHELLS;1979.0;2
120400;;;KELP;SEASHELLS;2015.0;2
120400;;;PICNIC_BASKET1;SEASHELLS;59776.0;1
120400;;;PICNIC_BASKET2;SEASHELLS;30779.0;1
120400;;;SQUID_INK;SEASHELLS;1980.0;2
120500;;;KELP;SEASHELLS;2015.0;3
120500;;;KELP;SEASHELLS;2015.0;5
120500;;;KELP;SEASHELLS;2015.0;1
120500;;;KELP;SEASHELLS;2015.0;4
120500;;;SQUID_INK;SEASHELLS;1980.0;3
120500;;;SQUID_INK;SEASHELLS;1980.0;5
120500;;;SQUID_INK;SEASHELLS;1980.0;1
120500;;;SQUID_INK;SEASHELLS;1980.0;4
120600;;;KELP;SEASHELLS;2014.0;1
120600;;;SQUID_INK;SEASHELLS;1980.0;1
120800;;;JAMS;SEASHELLS;6689.0;4
121000;;;JAMS;SEASHELLS;6690.0;7
121100;;;KELP;SEASHELLS;2013.0;1
121100;;;SQUID_INK;SEASHELLS;1980.0;1
121300;;;CROISSANTS;SEASHELLS;4339.0;5
121300;;;RAINFOREST_RESIN;SEASHELLS;9992.0;5
121500;;;KELP;SEASHELLS;2015.0;1
121500;;;RAINFOREST_RESIN;SEASHELLS;9999.0;1
121500;;;SQUID_INK;SEASHELLS;1978.0;1
121700;;;DJEMBES;SEASHELLS;13494.0;6
121800;;;JAMS;SEASHELLS;6693.0;8
121900;;;KELP;SEASHELLS;2015.0;1
121900;;;SQUID_INK;SEASHELLS;1979.0;1
122000;;;RAINFOREST_RESIN;SEASHELLS;9999.0;1
122300;;;JAMS;SEASHELLS;6693.0;4
122300;;;KELP;SEASHELLS;2013.0;3
122300;;;KELP;SEASHELLS;2013.0;2
122300;;;SQUID_INK;SEASHELLS;1978.0;3
122300;;;SQUID_INK;SEASHELLS;1978.0;2
122400;;;PICNIC_BASKET1;SEASHELLS;59770.0;2
122400;;;PICNIC_BASKET2;SEASHELLS;30766.0;5
122500;;;JAMS;SEASHELLS;6692.0;8
122600;;;KELP;SEASHELLS;2013.0;1
122600;;;SQUID_INK;SEASHELLS;1980.0;1
122700;;;JAMS;SEASHELLS;6693.0;5
122800;;;KELP;SEASHELLS;2013.0;6
122800;;;SQUID_INK;SEASHELLS;1978.0;6
122900;;;KELP;SEASHELLS;2013.0;1
122900;;;SQUID_INK;SEASHELLS;1978.0;1
123000;;;KELP;SEASHELLS;2010.0;1
123000;;;RAINFOREST_RESIN;SEASHELLS;9992.0;1
123000;;;SQUID_INK;SEASHELLS;1976.0;1
123200;;;KELP;SEASHELLS;2012.0;4
123200;;;KELP;SEASHELLS;2014.0;1
123200;;;SQUID_INK;SEASHELLS;1977.0;4
123300;;;CROISSANTS;SEASHELLS;4339.0;5
123400;;;DJEMBES;SEASHELLS;13496.0;3
123400;;;PICNIC_BASKET1;SEASHELLS;59758.0;1
123400;;;PICNIC_BASKET1;SEASHELLS;59757.0;5
123400;;;PICNIC_BASKET2;SEASHELLS;30760.0;6
123500;;;KELP;SEASHELLS;2013.0;15
123600;;;KELP;SEASHELLS;2010.0;7
123600;;;SQUID_INK;SEASHELLS;1975.0;7
123800;;;KELP;SEASHELLS;2013.0;1
123800;;;SQUID_INK;SEASHELLS;1977.0;1
124000;;;CROISSANTS;SEASHELLS;4338.0;7
124000;;;JAMS;SEASHELLS;6691.0;8
124000;;;KELP;SEASHELLS;2014.0;2
124000;;;SQUID_INK;SEASHELLS;1978.0;2
124100;;;DJEMBES;SEASHELLS;13498.0;9
124100;;;RAINFOREST_RESIN;SEASHELLS;9992.0;4
124100;;;SQUID_INK;SEASHELLS;1975.0;3
124200;;;CROISSANTS;SEASHELLS;4339.0;5
124500;;;KELP;SEASHELLS;2011.0;3
124500;;;SQUID_INK;SEASHELLS;1974.0;3
124600;;;DJEMBES;SEASHELLS;13500.0;2
124600;;;KELP;SEASHELLS;2013.0;1
124600;;;RAINFOREST_RESIN;SEASHELLS;9992.0;8
124600;;;RAINFOREST_RESIN;SEASHELLS;9992.0;1
124600;;;SQUID_INK;SEASHELLS;1974.0;1
124700;;;DJEMBES;SEASHELLS;13498.0;6
124700;;;JAMS;SEASHELLS;6693.0;10
125000;;;CROISSANTS;SEASHELLS;4340.0;3
125100;;;RAINFOREST_RESIN;SEASHELLS;10008.0;7
125300;;;KELP;SEASHELLS;2012.0;1
125300;;;RAINFOREST_RESIN;SEASHELLS;9999.0;1
125300;;;SQUID_INK;SEASHELLS;1972.0;1
125500;;;DJEMBES;SEASHELLS;13501.0;5
125800;;;JAMS;SEASHELLS;6691.0;6
125900;;;KELP;SEASHELLS;2014.0;6
125900;;;SQUID_INK;SEASHELLS;1972.0;6
126100;;;DJEMBES;SEASHELLS;13502.0;4
126200;;;RAINFOREST_RESIN;SEASHELLS;9999.0;1
126200;;;RAINFOREST_RESIN;SEASHELLS;10003.0;2
126200;;;RAINFOREST_RESIN;SEASHELLS;10003.0;4
126300;;;KELP;SEASHELLS;2013.0;2
126300;;;SQUID_INK;SEASHELLS;1969.0;2
126400;;;KELP;SEASHELLS;2013.0;1
126400;;;KELP;SEASHELLS;2013.0;2
126400;;;RAINFOREST_RESIN;SEASHELLS;10002.0;4
126400;;;SQUID_INK;SEASHELLS;1970.0;1
126400;;;SQUID_INK;SEASHELLS;1970.0;2
126500;;;CROISSANTS;SEASHELLS;4336.0;6
126600;;;JAMS;SEASHELLS;6692.0;7
126700;;;DJEMBES;SEASHELLS;13502.0;5
126800;;;DJEMBES;SEASHELLS;13502.0;2
127000;;;JAMS;SEASHELLS;6693.0;5
127000;;;KELP;SEASHELLS;2014.0;2
127000;;;SQUID_INK;SEASHELLS;1969.0;2
127400;;;KELP;SEASHELLS;2016.0;2
127400;;;SQUID_INK;SEASHELLS;1971.0;2
127500;;;DJEMBES;SEASHELLS;13503.0;2
127500;;;KELP;SEASHELLS;2014.0;1
127500;;;SQUID_INK;SEASHELLS;1969.0;1
127700;;;CROISSANTS;SEASHELLS;4337.0;6
127800;;;RAINFOREST_RESIN;SEASHELLS;10008.0;5
128100;;;DJEMBES;SEASHELLS;13502.0;4
128100;;;JAMS;SEASHELLS;6690.0;10
128200;;;JAMS;SEASHELLS;6690.0;8
128400;;;DJEMBES;SEASHELLS;13502.0;11
128400;;;KELP;SEASHELLS;2013.0;1
128400;;;KELP;SEASHELLS;2014.0;2
128400;;;SQUID_INK;SEASHELLS;1970.0;1
128400;;;SQUID_INK;SEASHELLS;1971.0;2
128700;;;CROISSANTS;SEASHELLS;4337.0;8
128700;;;DJEMBES;SEASHELLS;13506.0;4
128700;;;RAINFOREST_RESIN;SEASHELLS;9999.0;1
128800;;;DJEMBES;SEASHELLS;13504.0;4
128900;;;KELP;SEASHELLS;2015.0;1
128900;;;PICNIC_BASKET1;SEASHELLS;59769.0;10
128900;;;PICNIC_BASKET2;SEASHELLS;30768.0;10
128900;;;SQUID_INK;SEASHELLS;1972.0;1
129000;;;JAMS;SEASHELLS;6690.0;6
129200;;;RAINFOREST_RESIN;SEASHELLS;9992.0;7
129300;;;CROISSANTS;SEASHELLS;4336.0;7
129300;;;PICNIC_BASKET1;SEASHELLS;59767.0;6
129300;;;PICNIC_BASKET2;SEASHELLS;30771.0;6
129300;;;RAINFOREST_RESIN;SEASHELLS;9999.0;1
129500;;;PICNIC_BASKET2;SEASHELLS;30765.0;2
129500;;;RAINFOREST_RESIN;SEASHELLS;10008.0;2
129600;;;CROISSANTS;SEASHELLS;4335.0;10
129600;;;KELP;SEASHELLS;2014.0;1
129600;;;SQUID_INK;SEASHELLS;1970.0;1
129700;;;KELP;SEASHELLS;2015.0;3
129700;;;SQUID_INK;SEASHELLS;1970.0;3
129800;;;DJEMBES;SEASHELLS;13503.0;4
129900;;;DJEMBES;SEASHELLS;13504.0;1
130000;;;RAINFOREST_RESIN;SEASHELLS;10001.0;1
130100;;;DJEMBES;SEASHELLS;13503.0;5
130200;;;DJEMBES;SEASHELLS;13502.0;3
130400;;;SQUID_INK;SEASHELLS;1971.0;1
130500;;;CROISSANTS;SEASHELLS;4335.0;6
130600;;;RAINFOREST_RESIN;SEASHELLS;9999.0;1
130700;;;KELP;SEASHELLS;2016.0;1
130700;;;SQUID_INK;SEASHELLS;1973.0;1
130800;;;CROISSANTS;SEASHELLS;4334.0;6
130800;;;DJEMBES;SEASHELLS;13503.0;1
130900;;;KELP;SEASHELLS;2014.0;2
130900;;;RAINFOREST_RESIN;SEASHELLS;10008.0;2
131000;;;DJEMBES;SEASHELLS;13504.0;1
131000;;;KELP;SEASHELLS;2016.0;1
131000;;;RAINFOREST_RESIN;SEASHELLS;9992.0;2
131000;;;SQUID_INK;SEASHELLS;1971.0;1
131200;;;PICNIC_BASKET1;SEASHELLS;59733.0;9
131200;;;PICNIC_BASKET2;SEASHELLS;30749.0;9
131500;;;DJEMBES;SEASHELLS;13505.0;5
131700;;;KELP;SEASHELLS;2013.0;9
131700;;;SQUID_INK;SEASHELLS;1972.0;9
131800;;;KELP;SEASHELLS;2014.0;4
131800;;;KELP;SEASHELLS;2014.0;1
131800;;;KELP;SEASHELLS;2014.0;12
131800;;;SQUID_INK;SEASHELLS;1972.0;1
131800;;;SQUID_INK;SEASHELLS;1972.0;12
131800;;;SQUID_INK;SEASHELLS;1973.0;4
132100;;;DJEMBES;SEASHELLS;13505.0;5
132200;;;PICNIC_BASKET1;SEASHELLS;59742.0;2
132200;;;PICNIC_BASKET2;SEASHELLS;30762.0;2
132300;;;RAINFOREST_RESIN;SEASHELLS;10008.0;7
132300;;;RAINFOREST_RESIN;SEASHELLS;10001.0;1
132400;;;KELP;SEASHELLS;2016.0;1
132400;;;SQUID_INK;SEASHELLS;1972.0;1
132500;;;JAMS;SEASHELLS;6689.0;8
132500;;;KELP;SEASHELLS;2013.0;14
132500;;;KELP;SEASHELLS;2013.0;1
132500;;;SQUID_INK;SEASHELLS;1970.0;14
132500;;;SQUID_INK;SEASHELLS;1970.0;1
132700;;;RAINFOREST_RESIN;SEASHELLS;9998.0;4
132800;;;PICNIC_BASKET2;SEASHELLS;30756.0;1
132900;;;CROISSANTS;SEASHELLS;4335.0;7
133000;;;KELP;SEASHELLS;2013.0;13
133000;;;SQUID_INK;SEASHELLS;1969.0;13
133200;;;CROISSANTS;SEASHELLS;4334.0;6
133400;;;KELP;SEASHELLS;2013.0;1
133400;;;SQUID_INK;SEASHELLS;1969.0;1
133500;;;KELP;SEASHELLS;2015.0;1
133500;;;SQUID_INK;SEASHELLS;1971.0;1
133700;;;KELP;SEASHELLS;2013.0;1
133700;;;RAINFOREST_RESIN;SEASHELLS;9992.0;8
133700;;;SQUID_INK;SEASHELLS;1969.0;1
133900;;;JAMS;SEASHELLS;6686.0;9
134000;;;KELP;SEASHELLS;2015.0;1
134000;;;KELP;SEASHELLS;2014.0;2
134000;;;SQUID_INK;SEASHELLS;1971.0;1
134000;;;SQUID_INK;SEASHELLS;1970.0;2
134200;;;CROISSANTS;SEASHELLS;4334.0;8
134200;;;RAINFOREST_RESIN;SEASHELLS;9992.0;4
134500;;;JAMS;SEASHELLS;6686.0;6
134500;;;JAMS;SEASHELLS;6688.0;4
134600;;;JAMS;SEASHELLS;6687.0;10
134900;;;RAINFOREST_RESIN;SEASHELLS;10008.0;7
135100;;;CROISSANTS;SEASHELLS;4334.0;5
135100;;;DJEMBES;SEASHELLS;13499.0;4
135400;;;DJEMBES;SEASHELLS;13499.0;8
135400;;;KELP;SEASHELLS;2013.0;9
135400;;;SQUID_INK;SEASHELLS;1965.0;9
135500;;;JAMS;SEASHELLS;6688.0;5
135500;;;KELP;SEASHELLS;2015.0;1
135500;;;SQUID_INK;SEASHELLS;1967.0;1
135600;;;DJEMBES;SEASHELLS;13502.0;3
135800;;;RAINFOREST_RESIN;SEASHELLS;9999.0;1
135800;;;SQUID_INK;SEASHELLS;1965.0;3
135900;;;KELP;SEASHELLS;2017.0;2
135900;;;SQUID_INK;SEASHELLS;1968.0;2
136000;;;JAMS;SEASHELLS;6690.0;10
136000;;;PICNIC_BASKET1;SEASHELLS;59735.0;1
136000;;;PICNIC_BASKET1;SEASHELLS;59734.0;2
136000;;;PICNIC_BASKET2;SEASHELLS;30752.0;1
136000;;;PICNIC_BASKET2;SEASHELLS;30751.0;2
136000;;;RAINFOREST_RESIN;SEASHELLS;10008.0;6
136100;;;JAMS;SEASHELLS;6691.0;4
136200;;;CROISSANTS;SEASHELLS;4333.0;5
136300;;;CROISSANTS;SEASHELLS;4334.0;5
136500;;;KELP;SEASHELLS;2014.0;1
136500;;;KELP;SEASHELLS;2014.0;1
136500;;;SQUID_INK;SEASHELLS;1965.0;1
136500;;;SQUID_INK;SEASHELLS;1965.0;1
136500;;;SQUID_INK;SEASHELLS;1968.0;2
137100;;;CROISSANTS;SEASHELLS;4333.0;5
137300;;;JAMS;SEASHELLS;6688.0;4
137600;;;KELP;SEASHELLS;2015.0;1
137600;;;SQUID_INK;SEASHELLS;1967.0;1
137700;;;KELP;SEASHELLS;2014.0;3
137700;;;PICNIC_BASKET1;SEASHELLS;59729.0;5
137700;;;PICNIC_BASKET2;SEASHELLS;30739.0;5
137700;;;SQUID_INK;SEASHELLS;1965.0;3
137900;;;KELP;SEASHELLS;2016.0;1
137900;;;SQUID_INK;SEASHELLS;1968.0;1
138000;;;RAINFOREST_RESIN;SEASHELLS;9992.0;7
138200;;;RAINFOREST_RESIN;SEASHELLS;9999.0;1
138500;;;KELP;SEASHELLS;2013.0;1
138500;;;KELP;SEASHELLS;2016.0;13
138500;;;SQUID_INK;SEASHELLS;1965.0;1
138500;;;SQUID_INK;SEASHELLS;1968.0;2
138500;;;SQUID_INK;SEASHELLS;1968.0;11
138600;;;JAMS;SEASHELLS;6687.0;6
138600;;;KELP;SEASHELLS;2013.0;1
138600;;;KELP;SEASHELLS;2014.0;2
138600;;;SQUID_INK;SEASHELLS;1966.0;1
138600;;;SQUID_INK;SEASHELLS;1967.0;2
138800;;;PICNIC_BASKET1;SEASHELLS;59723.0;2
138800;;;PICNIC_BASKET2;SEASHELLS;30740.0;9
138900;;;KELP;SEASHELLS;2013.0;10
138900;;;SQUID_INK;SEASHELLS;1963.0;10
139000;;;JAMS;SEASHELLS;6687.0;8
139000;;;KELP;SEASHELLS;2013.0;1
139000;;;PICNIC_BASKET1;SEASHELLS;59725.0;1
139000;;;PICNIC_BASKET2;SEASHELLS;30740.0;1
139000;;;SQUID_INK;SEASHELLS;1961.0;1
139300;;;PICNIC_BASKET1;SEASHELLS;59708.0;2
139300;;;PICNIC_BASKET1;SEASHELLS;59707.0;5
139300;;;PICNIC_BASKET2;SEASHELLS;30735.0;2
139300;;;PICNIC_BASKET2;SEASHELLS;30735.0;5
139300;;;RAINFOREST_RESIN;SEASHELLS;10001.0;1
139400;;;CROISSANTS;SEASHELLS;4332.0;6
139400;;;KELP;SEASHELLS;2014.0;1
139400;;;KELP;SEASHELLS;2017.0;2
139400;;;SQUID_INK;SEASHELLS;1961.0;1
139400;;;SQUID_INK;SEASHELLS;1964.0;2
139500;;;RAINFOREST_RESIN;SEASHELLS;10001.0;1
139700;;;JAMS;SEASHELLS;6689.0;6
139700;;;KELP;SEASHELLS;2014.0;4
139700;;;KELP;SEASHELLS;2014.0;1
139700;;;SQUID_INK;SEASHELLS;1960.0;1
139700;;;SQUID_INK;SEASHELLS;1961.0;4
139800;;;DJEMBES;SEASHELLS;13498.0;2
139800;;;RAINFOREST_RESIN;SEASHELLS;9992.0;2
140000;;;DJEMBES;SEASHELLS;13497.0;5
140100;;;KELP;SEASHELLS;2013.0;1
140100;;;RAINFOREST_RESIN;SEASHELLS;9992.0;4
140100;;;RAINFOREST_RESIN;SEASHELLS;9999.0;1
140100;;;SQUID_INK;SEASHELLS;1958.0;1
140200;;;RAINFOREST_RESIN;SEASHELLS;10008.0;4
140500;;;CROISSANTS;SEASHELLS;4334.0;5
140600;;;KELP;SEASHELLS;2012.0;1
140600;;;SQUID_INK;SEASHELLS;1959.0;1
141400;;;JAMS;SEASHELLS;6690.0;9
141500;;;CROISSANTS;SEASHELLS;4335.0;5
141700;;;DJEMBES;SEASHELLS;13497.0;3
141700;;;PICNIC_BASKET1;SEASHELLS;59730.0;7
141700;;;PICNIC_BASKET2;SEASHELLS;30734.0;7
142000;;;JAMS;SEASHELLS;6689.0;5
142000;;;RAINFOREST_RESIN;SEASHELLS;9992.0;1
142100;;;JAMS;SEASHELLS;6689.0;6
142100;;;RAINFOREST_RESIN;SEASHELLS;10008.0;6
142300;;;DJEMBES;SEASHELLS;13494.0;1
142300;;;SQUID_INK;SEASHELLS;1962.0;1
142500;;;PICNIC_BASKET1;SEASHELLS;59737.0;1
142500;;;PICNIC_BASKET2;SEASHELLS;30724.0;9
142600;;;KELP;SEASHELLS;2013.0;1
142600;;;SQUID_INK;SEASHELLS;1959.0;1
142700;;;RAINFOREST_RESIN;SEASHELLS;9992.0;6
143100;;;KELP;SEASHELLS;2014.0;1
143100;;;RAINFOREST_RESIN;SEASHELLS;10008.0;2
143100;;;SQUID_INK;SEASHELLS;1961.0;1
143500;;;JAMS;SEASHELLS;6687.0;10
143500;;;RAINFOREST_RESIN;SEASHELLS;10008.0;1
143600;;;KELP;SEASHELLS;2013.0;1
143600;;;RAINFOREST_RESIN;SEASHELLS;9992.0;6
143600;;;SQUID_INK;SEASHELLS;1960.0;1
144000;;;KELP;SEASHELLS;2016.0;1
144000;;;RAINFOREST_RESIN;SEASHELLS;9998.0;3
144000;;;SQUID_INK;SEASHELLS;1962.0;1
144200;;;KELP;SEASHELLS;2015.0;1
144200;;;SQUID_INK;SEASHELLS;1961.0;1
144400;;;JAMS;SEASHELLS;6687.0;8
144600;;;RAINFOREST_RESIN;SEASHELLS;10008.0;5
144800;;;CROISSANTS;SEASHELLS;4332.0;4
145000;;;KELP;SEASHELLS;2012.0;1
145000;;;SQUID_INK;SEASHELLS;1959.0;1
145100;;;RAINFOREST_RESIN;SEASHELLS;10001.0;1
145100;;;SQUID_INK;SEASHELLS;1960.0;10
145200;;;PICNIC_BASKET1;SEASHELLS;59723.0;1
145200;;;PICNIC_BASKET2;SEASHELLS;30728.0;1
145300;;;JAMS;SEASHELLS;6685.0;8
145400;;;KELP;SEASHELLS;2012.0;1
145400;;;SQUID_INK;SEASHELLS;1961.0;1
145500;;;KELP;SEASHELLS;2015.0;1
145500;;;SQUID_INK;SEASHELLS;1962.0;1
145600;;;RAINFOREST_RESIN;SEASHELLS;9997.0;8
145600;;;SQUID_INK;SEASHELLS;1961.0;1
146000;;;CROISSANTS;SEASHELLS;4332.0;10
146000;;;KELP;SEASHELLS;2012.0;6
146000;;;RAINFOREST_RESIN;SEASHELLS;9992.0;6
146000;;;SQUID_INK;SEASHELLS;1962.0;6
146200;;;DJEMBES;SEASHELLS;13498.0;5
146300;;;KELP;SEASHELLS;2012.0;15
146300;;;SQUID_INK;SEASHELLS;1961.0;15
146400;;;KELP;SEASHELLS;2012.0;9
146400;;;RAINFOREST_RESIN;SEASHELLS;10008.0;1
146400;;;SQUID_INK;SEASHELLS;1962.0;9
146500;;;DJEMBES;SEASHELLS;13496.0;8
146500;;;KELP;SEASHELLS;2014.0;1
146500;;;SQUID_INK;SEASHELLS;1964.0;1
146900;;;KELP;SEASHELLS;2013.0;1
146900;;;RAINFOREST_RESIN;SEASHELLS;10008.0;2
147000;;;DJEMBES;SEASHELLS;13497.0;2
147200;;;CROISSANTS;SEASHELLS;4332.0;6
147200;;;JAMS;SEASHELLS;6686.0;10
147200;;;KELP;SEASHELLS;2016.0;14
147200;;;RAINFOREST_RESIN;SEASHELLS;10001.0;1
147200;;;SQUID_INK;SEASHELLS;1965.0;14
147400;;;DJEMBES;SEASHELLS;13496.0;4
147400;;;RAINFOREST_RESIN;SEASHELLS;9992.0;6
147600;;;KELP;SEASHELLS;2012.0;1
147600;;;SQUID_INK;SEASHELLS;1955.0;1
147800;;;KELP;SEASHELLS;2014.0;1
147800;;;SQUID_INK;SEASHELLS;1957.0;1
148000;;;KELP;SEASHELLS;2015.0;9
148000;;;RAINFOREST_RESIN;SEASHELLS;9992.0;2
148000;;;SQUID_INK;SEASHELLS;1961.0;9
148200;;;KELP;SEASHELLS;2013.0;1
148200;;;SQUID_INK;SEASHELLS;1961.0;1
148400;;;JAMS;SEASHELLS;6684.0;4
148400;;;PICNIC_BASKET2;SEASHELLS;30712.0;2
148500;;;CROISSANTS;SEASHELLS;4331.0;10
148700;;;KELP;SEASHELLS;2013.0;1
148700;;;KELP;SEASHELLS;2016.0;2
148700;;;RAINFOREST_RESIN;SEASHELLS;9999.0;1
148700;;;SQUID_INK;SEASHELLS;1958.0;1
148700;;;SQUID_INK;SEASHELLS;1962.0;2
148900;;;DJEMBES;SEASHELLS;13500.0;5
148900;;;RAINFOREST_RESIN;SEASHELLS;10008.0;2
149000;;;PICNIC_BASKET1;SEASHELLS;59701.0;1
149000;;;PICNIC_BASKET2;SEASHELLS;30706.0;5
149100;;;JAMS;SEASHELLS;6683.0;3
149200;;;JAMS;SEASHELLS;6683.0;12
149300;;;JAMS;SEASHELLS;6683.0;10
149500;;;KELP;SEASHELLS;2015.0;1
149500;;;SQUID_INK;SEASHELLS;1963.0;1
149600;;;RAINFOREST_RESIN;SEASHELLS;10001.0;1
149700;;;DJEMBES;SEASHELLS;13503.0;5
149700;;;KELP;SEASHELLS;2016.0;5
149700;;;RAINFOREST_RESIN;SEASHELLS;10003.0;5
149700;;;SQUID_INK;SEASHELLS;1965.0;5
149800;;;KELP;SEASHELLS;2015.0;1
149800;;;SQUID_INK;SEASHELLS;1964.0;1
149900;;;KELP;SEASHELLS;2013.0;5
149900;;;SQUID_INK;SEASHELLS;1963.0;5
150200;;;PICNIC_BASKET1;SEASHELLS;59661.0;2
150200;;;PICNIC_BASKET1;SEASHELLS;59660.0;4
150200;;;PICNIC_BASKET2;SEASHELLS;30696.0;6
150400;;;CROISSANTS;SEASHELLS;4327.0;5
150400;;;KELP;SEASHELLS;2013.0;1
150400;;;SQUID_INK;SEASHELLS;1963.0;1
150500;;;RAINFOREST_RESIN;SEASHELLS;9998.0;3
150600;;;CROISSANTS;SEASHELLS;4329.0;5
150600;;;KELP;SEASHELLS;2013.0;1
150600;;;RAINFOREST_RESIN;SEASHELLS;9992.0;5
150600;;;SQUID_INK;SEASHELLS;1964.0;1
150800;;;RAINFOREST_RESIN;SEASHELLS;9998.0;4
151100;;;DJEMBES;SEASHELLS;13498.0;5
151200;;;PICNIC_BASKET1;SEASHELLS;59649.0;1
151200;;;PICNIC_BASKET1;SEASHELLS;59648.0;7
151200;;;PICNIC_BASKET2;SEASHELLS;30714.0;8
151300;;;JAMS;SEASHELLS;6679.0;10
151400;;;RAINFOREST_RESIN;SEASHELLS;9999.0;1
151500;;;KELP;SEASHELLS;2014.0;1
151500;;;SQUID_INK;SEASHELLS;1966.0;1
151600;;;SQUID_INK;SEASHELLS;1968.0;1
151600;;;SQUID_INK;SEASHELLS;1968.0;8
151700;;;CROISSANTS;SEASHELLS;4331.0;5
152100;;;JAMS;SEASHELLS;6679.0;3
152100;;;JAMS;SEASHELLS;6679.0;5
152200;;;KELP;SEASHELLS;2014.0;5
152300;;;DJEMBES;SEASHELLS;13501.0;4
152300;;;KELP;SEASHELLS;2017.0;9
152300;;;KELP;SEASHELLS;2017.0;2
152300;;;RAINFOREST_RESIN;SEASHELLS;9992.0;2
152300;;;SQUID_INK;SEASHELLS;1968.0;9
152300;;;SQUID_INK;SEASHELLS;1968.0;2
152600;;;KELP;SEASHELLS;2013.0;1
152600;;;RAINFOREST_RESIN;SEASHELLS;9992.0;5
152600;;;SQUID_INK;SEASHELLS;1966.0;1
153100;;;CROISSANTS;SEASHELLS;4331.0;8
153200;;;CROISSANTS;SEASHELLS;4331.0;7
153200;;;DJEMBES;SEASHELLS;13498.0;9
153200;;;RAINFOREST_RESIN;SEASHELLS;9992.0;4
153300;;;KELP;SEASHELLS;2017.0;14
153300;;;PICNIC_BASKET1;SEASHELLS;59639.0;4
153300;;;PICNIC_BASKET2;SEASHELLS;30729.0;4
153300;;;SQUID_INK;SEASHELLS;1968.0;14
153400;;;RAINFOREST_RESIN;SEASHELLS;10001.0;1
153500;;;KELP;SEASHELLS;2017.0;1
153500;;;RAINFOREST_RESIN;SEASHELLS;9992.0;4
153500;;;SQUID_INK;SEASHELLS;1967.0;1
153500;;;SQUID_INK;SEASHELLS;1966.0;2
153600;;;CROISSANTS;SEASHELLS;4330.0;6
153600;;;JAMS;SEASHELLS;6681.0;4
153600;;;KELP;SEASHELLS;2017.0;14
153600;;;SQUID_INK;SEASHELLS;1968.0;14
154000;;;RAINFOREST_RESIN;SEASHELLS;9992.0;6
154000;;;RAINFOREST_RESIN;SEASHELLS;9999.0;1
154100;;;RAINFOREST_RESIN;SEASHELLS;9992.0;6
154100;;;RAINFOREST_RESIN;SEASHELLS;9999.0;1
154300;;;KELP;SEASHELLS;2015.0;6
154300;;;KELP;SEASHELLS;2015.0;2
154300;;;SQUID_INK;SEASHELLS;1964.0;6
154300;;;SQUID_INK;SEASHELLS;1964.0;2
154500;;;DJEMBES;SEASHELLS;13489.0;3
154700;;;KELP;SEASHELLS;2019.0;11
154700;;;SQUID_INK;SEASHELLS;1968.0;11
154900;;;CROISSANTS;SEASHELLS;4330.0;5
154900;;;KELP;SEASHELLS;2015.0;15
154900;;;SQUID_INK;SEASHELLS;1964.0;15
155100;;;KELP;SEASHELLS;2015.0;1
155100;;;PICNIC_BASKET1;SEASHELLS;59640.0;2
155100;;;PICNIC_BASKET2;SEASHELLS;30725.0;2
155100;;;SQUID_INK;SEASHELLS;1967.0;1
155300;;;CROISSANTS;SEASHELLS;4329.0;5
155300;;;JAMS;SEASHELLS;6681.0;10
155400;;;CROISSANTS;SEASHELLS;4329.0;5
155500;;;JAMS;SEASHELLS;6681.0;3
155700;;;KELP;SEASHELLS;2016.0;1
155700;;;SQUID_INK;SEASHELLS;1968.0;1
156200;;;KELP;SEASHELLS;2014.0;7
156200;;;SQUID_INK;SEASHELLS;1963.0;7
156300;;;DJEMBES;SEASHELLS;13487.0;5
156300;;;JAMS;SEASHELLS;6680.0;7
156500;;;RAINFOREST_RESIN;SEASHELLS;9992.0;6
156600;;;CROISSANTS;SEASHELLS;4331.0;6
156600;;;DJEMBES;SEASHELLS;13487.0;2
156600;;;KELP;SEASHELLS;2015.0;1
156600;;;KELP;SEASHELLS;2015.0;2
156600;;;SQUID_INK;SEASHELLS;1962.0;1
156600;;;SQUID_INK;SEASHELLS;1962.0;2
156900;;;KELP;SEASHELLS;2015.0;1
156900;;;SQUID_INK;SEASHELLS;1961.0;1
157000;;;KELP;SEASHELLS;2015.0;1
157000;;;SQUID_INK;SEASHELLS;1961.0;1
157300;;;KELP;SEASHELLS;2015.0;4
157300;;;PICNIC_BASKET1;SEASHELLS;59630.0;5
157300;;;PICNIC_BASKET2;SEASHELLS;30735.0;5
157300;;;SQUID_INK;SEASHELLS;1961.0;4
157400;;;KELP;SEASHELLS;2014.0;9
157400;;;SQUID_INK;SEASHELLS;1959.0;9
157500;;;CROISSANTS;SEASHELLS;4330.0;6
157500;;;KELP;SEASHELLS;2014.0;1
157500;;;RAINFOREST_RESIN;SEASHELLS;10001.0;1
157500;;;SQUID_INK;SEASHELLS;1959.0;1
157600;;;SQUID_INK;SEASHELLS;1959.0;3
157700;;;CROISSANTS;SEASHELLS;4329.0;8
157700;;;KELP;SEASHELLS;2016.0;1
157700;;;RAINFOREST_RESIN;SEASHELLS;10008.0;1
157700;;;SQUID_INK;SEASHELLS;1961.0;1
157800;;;JAMS;SEASHELLS;6682.0;4
158000;;;CROISSANTS;SEASHELLS;4329.0;6
158100;;;KELP;SEASHELLS;2014.0;1
158100;;;SQUID_INK;SEASHELLS;1960.0;1
158300;;;CROISSANTS;SEASHELLS;4329.0;5
158300;;;RAINFOREST_RESIN;SEASHELLS;9997.0;2
158700;;;CROISSANTS;SEASHELLS;4329.0;5
158800;;;KELP;SEASHELLS;2016.0;1
158800;;;SQUID_INK;SEASHELLS;1964.0;1
159300;;;JAMS;SEASHELLS;6684.0;9
159300;;;KELP;SEASHELLS;2014.0;1
159300;;;SQUID_INK;SEASHELLS;1964.0;1
159400;;;DJEMBES;SEASHELLS;13486.0;1
159700;;;DJEMBES;SEASHELLS;13486.0;4
159700;;;JAMS;SEASHELLS;6684.0;4
159800;;;RAINFOREST_RESIN;SEASHELLS;9999.0;1
159900;;;RAINFOREST_RESIN;SEASHELLS;10008.0;8
159900;;;RAINFOREST_RESIN;SEASHELLS;10008.0;1
160000;;;KELP;SEASHELLS;2018.0;2
160000;;;SQUID_INK;SEASHELLS;1966.0;2
160300;;;CROISSANTS;SEASHELLS;4331.0;4
160300;;;RAINFOREST_RESIN;SEASHELLS;9992.0;2
160400;;;DJEMBES;SEASHELLS;13483.0;5
160400;;;KELP;SEASHELLS;2017.0;1
160400;;;SQUID_INK;SEASHELLS;1963.0;1
160500;;;CROISSANTS;SEASHELLS;4331.0;10
160500;;;KELP;SEASHELLS;2018.0;13
160500;;;SQUID_INK;SEASHELLS;1963.0;2
161000;;;KELP;SEASHELLS;2015.0;8
161000;;;SQUID_INK;SEASHELLS;1963.0;8
161100;;;JAMS;SEASHELLS;6685.0;6
161300;;;JAMS;SEASHELLS;6686.0;6
161600;;;DJEMBES;SEASHELLS;13479.0;3
161700;;;DJEMBES;SEASHELLS;13480.0;4
162300;;;JAMS;SEASHELLS;6685.0;6
162400;;;JAMS;SEASHELLS;6684.0;9
162400;;;KELP;SEASHELLS;2015.0;4
162400;;;RAINFOREST_RESIN;SEASHELLS;9992.0;6
162400;;;SQUID_INK;SEASHELLS;1964.0;4
162500;;;JAMS;SEASHELLS;6685.0;7
162600;;;KELP;SEASHELLS;2018.0;1
162600;;;SQUID_INK;SEASHELLS;1964.0;1
162800;;;JAMS;SEASHELLS;6683.0;8
162800;;;RAINFOREST_RESIN;SEASHELLS;9992.0;2
162900;;;RAINFOREST_RESIN;SEASHELLS;10001.0;1
163000;;;CROISSANTS;SEASHELLS;4332.0;8
163000;;;DJEMBES;SEASHELLS;13491.0;3
163200;;;RAINFOREST_RESIN;SEASHELLS;10008.0;9
163400;;;DJEMBES;SEASHELLS;13490.0;5
163500;;;KELP;SEASHELLS;2016.0;2
163500;;;KELP;SEASHELLS;2016.0;2
163600;;;RAINFOREST_RESIN;SEASHELLS;10008.0;6
163700;;;JAMS;SEASHELLS;6683.0;8
163800;;;KELP;SEASHELLS;2015.0;1
163800;;;KELP;SEASHELLS;2018.0;13
163800;;;SQUID_INK;SEASHELLS;1966.0;1
163800;;;SQUID_INK;SEASHELLS;1969.0;13
163900;;;KELP;SEASHELLS;2015.0;2
163900;;;SQUID_INK;SEASHELLS;1965.0;2
164000;;;PICNIC_BASKET1;SEASHELLS;59664.0;2
164000;;;PICNIC_BASKET2;SEASHELLS;30731.0;9
164600;;;JAMS;SEASHELLS;6685.0;7
164600;;;KELP;SEASHELLS;2018.0;1
164600;;;SQUID_INK;SEASHELLS;1967.0;1
164800;;;DJEMBES;SEASHELLS;13490.0;5
164900;;;DJEMBES;SEASHELLS;13489.0;5
164900;;;JAMS;SEASHELLS;6682.0;7
164900;;;PICNIC_BASKET2;SEASHELLS;30745.0;1
165100;;;KELP;SEASHELLS;2018.0;1
165100;;;SQUID_INK;SEASHELLS;1971.0;1
165200;;;JAMS;SEASHELLS;6684.0;7
165200;;;KELP;SEASHELLS;2017.0;6
165700;;;JAMS;SEASHELLS;6682.0;10
165800;;;CROISSANTS;SEASHELLS;4334.0;5
165800;;;DJEMBES;SEASHELLS;13489.0;4
165900;;;DJEMBES;SEASHELLS;13489.0;5
165900;;;PICNIC_BASKET1;SEASHELLS;59661.0;4
165900;;;PICNIC_BASKET2;SEASHELLS;30739.0;4
166000;;;KELP;SEASHELLS;2019.0;1
166000;;;SQUID_INK;SEASHELLS;1966.0;1
166200;;;JAMS;SEASHELLS;6682.0;9
166400;;;JAMS;SEASHELLS;6684.0;6
166400;;;RAINFOREST_RESIN;SEASHELLS;9999.0;1
166700;;;RAINFOREST_RESIN;SEASHELLS;9997.0;2
166800;;;RAINFOREST_RESIN;SEASHELLS;10008.0;4
166900;;;CROISSANTS;SEASHELLS;4332.0;10
167000;;;KELP;SEASHELLS;2017.0;5
167000;;;SQUID_INK;SEASHELLS;1963.0;5
167200;;;DJEMBES;SEASHELLS;13483.0;3
167200;;;DJEMBES;SEASHELLS;13484.0;5
167300;;;KELP;SEASHELLS;2016.0;11
167300;;;SQUID_INK;SEASHELLS;1964.0;11
167400;;;PICNIC_BASKET1;SEASHELLS;59630.0;1
167400;;;PICNIC_BASKET1;SEASHELLS;59630.0;4
167400;;;PICNIC_BASKET2;SEASHELLS;30733.0;5
167700;;;JAMS;SEASHELLS;6681.0;5
167800;;;KELP;SEASHELLS;2019.0;1
167800;;;SQUID_INK;SEASHELLS;1968.0;1
167900;;;DJEMBES;SEASHELLS;13489.0;5
167900;;;RAINFOREST_RESIN;SEASHELLS;10003.0;8
168000;;;DJEMBES;SEASHELLS;13490.0;5
168100;;;JAMS;SEASHELLS;6683.0;8
168400;;;CROISSANTS;SEASHELLS;4329.0;5
168400;;;PICNIC_BASKET1;SEASHELLS;59628.0;1
168400;;;PICNIC_BASKET2;SEASHELLS;30727.0;8
168700;;;DJEMBES;SEASHELLS;13489.0;4
168700;;;PICNIC_BASKET1;SEASHELLS;59617.0;2
168700;;;PICNIC_BASKET1;SEASHELLS;59616.0;1
168700;;;PICNIC_BASKET2;SEASHELLS;30723.0;2
168700;;;PICNIC_BASKET2;SEASHELLS;30722.0;1
168800;;;RAINFOREST_RESIN;SEASHELLS;10008.0;7
168900;;;JAMS;SEASHELLS;6680.0;4
169000;;;KELP;SEASHELLS;2019.0;3
169000;;;SQUID_INK;SEASHELLS;1973.0;3
169100;;;JAMS;SEASHELLS;6681.0;5
169200;;;RAINFOREST_RESIN;SEASHELLS;9992.0;10
169200;;;RAINFOREST_RESIN;SEASHELLS;10008.0;2
169300;;;DJEMBES;SEASHELLS;13489.0;5
169500;;;RAINFOREST_RESIN;SEASHELLS;10008.0;1
169600;;;PICNIC_BASKET2;SEASHELLS;30716.0;1
169800;;;JAMS;SEASHELLS;6684.0;6
169900;;;KELP;SEASHELLS;2017.0;1
169900;;;SQUID_INK;SEASHELLS;1970.0;1
170200;;;KELP;SEASHELLS;2017.0;1
170200;;;RAINFOREST_RESIN;SEASHELLS;9999.0;1
170200;;;SQUID_INK;SEASHELLS;1969.0;1
170400;;;DJEMBES;SEASHELLS;13491.0;3
170400;;;JAMS;SEASHELLS;6681.0;7
170500;;;CROISSANTS;SEASHELLS;4330.0;6
170900;;;DJEMBES;SEASHELLS;13491.0;2
171000;;;KELP;SEASHELLS;2019.0;3
171000;;;SQUID_INK;SEASHELLS;1965.0;3
171300;;;DJEMBES;SEASHELLS;13491.0;3
171300;;;RAINFOREST_RESIN;SEASHELLS;10008.0;1
171600;;;KELP;SEASHELLS;2018.0;4
171600;;;SQUID_INK;SEASHELLS;1966.0;4
171700;;;DJEMBES;SEASHELLS;13488.0;5
171900;;;KELP;SEASHELLS;2017.0;1
171900;;;PICNIC_BASKET1;SEASHELLS;59581.0;2
171900;;;PICNIC_BASKET2;SEASHELLS;30697.0;6
171900;;;SQUID_INK;SEASHELLS;1969.0;1
172200;;;RAINFOREST_RESIN;SEASHELLS;10008.0;5
172300;;;CROISSANTS;SEASHELLS;4327.0;7
172400;;;DJEMBES;SEASHELLS;13489.0;3
172500;;;PICNIC_BASKET1;SEASHELLS;59588.0;6
172500;;;PICNIC_BASKET2;SEASHELLS;30698.0;6
172500;;;PICNIC_BASKET2;SEASHELLS;30698.0;2
172600;;;KELP;SEASHELLS;2017.0;2
172600;;;SQUID_INK;SEASHELLS;1969.0;2
172800;;;PICNIC_BASKET1;SEASHELLS;59595.0;2
172800;;;RAINFOREST_RESIN;SEASHELLS;10001.0;1
172900;;;CROISSANTS;SEASHELLS;4329.0;6
173000;;;RAINFOREST_RESIN;SEASHELLS;10008.0;1
173200;;;DJEMBES;SEASHELLS;13489.0;5
173200;;;SQUID_INK;SEASHELLS;1972.0;1
173300;;;KELP;SEASHELLS;2017.0;2
173400;;;KELP;SEASHELLS;2017.0;2
173400;;;SQUID_INK;SEASHELLS;1972.0;2
173700;;;DJEMBES;SEASHELLS;13490.0;2
173700;;;JAMS;SEASHELLS;6685.0;9
173800;;;CROISSANTS;SEASHELLS;4328.0;8
173800;;;JAMS;SEASHELLS;6683.0;5
173800;;;KELP;SEASHELLS;2020.0;1
173800;;;SQUID_INK;SEASHELLS;1975.0;8
174000;;;KELP;SEASHELLS;2017.0;1
174000;;;SQUID_INK;SEASHELLS;1972.0;1
174100;;;RAINFOREST_RESIN;SEASHELLS;9999.0;1
174200;;;DJEMBES;SEASHELLS;13490.0;3
174200;;;RAINFOREST_RESIN;SEASHELLS;9998.0;3
174400;;;KELP;SEASHELLS;2017.0;1
174400;;;SQUID_INK;SEASHELLS;1970.0;1
174500;;;RAINFOREST_RESIN;SEASHELLS;9999.0;1
174700;;;CROISSANTS;SEASHELLS;4328.0;7
174800;;;CROISSANTS;SEASHELLS;4330.0;5
174900;;;DJEMBES;SEASHELLS;13493.0;4
175400;;;PICNIC_BASKET1;SEASHELLS;59570.0;8
175400;;;PICNIC_BASKET2;SEASHELLS;30711.0;8
175500;;;PICNIC_BASKET1;SEASHELLS;59569.0;2
175500;;;PICNIC_BASKET2;SEASHELLS;30710.0;2
175500;;;RAINFOREST_RESIN;SEASHELLS;9998.0;3
175800;;;KELP;SEASHELLS;2020.0;1
175800;;;SQUID_INK;SEASHELLS;1973.0;1
176000;;;KELP;SEASHELLS;2017.0;1
176000;;;KELP;SEASHELLS;2017.0;1
176000;;;SQUID_INK;SEASHELLS;1971.0;1
176000;;;SQUID_INK;SEASHELLS;1971.0;1
176100;;;KELP;SEASHELLS;2021.0;2
176100;;;SQUID_INK;SEASHELLS;1974.0;2
176200;;;CROISSANTS;SEASHELLS;4329.0;6
176200;;;DJEMBES;SEASHELLS;13488.0;3
176600;;;DJEMBES;SEASHELLS;13486.0;4
176600;;;KELP;SEASHELLS;2018.0;1
176600;;;SQUID_INK;SEASHELLS;1971.0;1
176700;;;RAINFOREST_RESIN;SEASHELLS;9999.0;1
176800;;;DJEMBES;SEASHELLS;13487.0;4
176900;;;KELP;SEASHELLS;2018.0;5
176900;;;SQUID_INK;SEASHELLS;1968.0;5
177100;;;CROISSANTS;SEASHELLS;4327.0;7
177300;;;CROISSANTS;SEASHELLS;4328.0;8
177400;;;KELP;SEASHELLS;2018.0;1
177400;;;SQUID_INK;SEASHELLS;1969.0;1
177600;;;CROISSANTS;SEASHELLS;4330.0;5
177700;;;KELP;SEASHELLS;2018.0;1
177700;;;SQUID_INK;SEASHELLS;1970.0;1
177800;;;DJEMBES;SEASHELLS;13482.0;1
177900;;;KELP;SEASHELLS;2018.0;14
177900;;;RAINFOREST_RESIN;SEASHELLS;9997.0;5
177900;;;SQUID_INK;SEASHELLS;1969.0;14
178200;;;RAINFOREST_RESIN;SEASHELLS;10008.0;1
178400;;;JAMS;SEASHELLS;6684.0;4
178700;;;KELP;SEASHELLS;2018.0;1
178700;;;PICNIC_BASKET1;SEASHELLS;59583.0;2
178700;;;PICNIC_BASKET1;SEASHELLS;59582.0;4
178700;;;PICNIC_BASKET2;SEASHELLS;30730.0;2
178700;;;PICNIC_BASKET2;SEASHELLS;30729.0;4
178700;;;SQUID_INK;SEASHELLS;1971.0;1
178800;;;KELP;SEASHELLS;2021.0;5
178800;;;SQUID_INK;SEASHELLS;1973.0;5
178900;;;KELP;SEASHELLS;2018.0;1
178900;;;SQUID_INK;SEASHELLS;1969.0;1
179000;;;KELP;SEASHELLS;2021.0;2
179000;;;SQUID_INK;SEASHELLS;1974.0;2
179100;;;KELP;SEASHELLS;2018.0;1
179100;;;SQUID_INK;SEASHELLS;1971.0;1
179200;;;JAMS;SEASHELLS;6686.0;10
179200;;;RAINFOREST_RESIN;SEASHELLS;9992.0;2
179500;;;DJEMBES;SEASHELLS;13480.0;3
179500;;;PICNIC_BASKET1;SEASHELLS;59586.0;9
179500;;;PICNIC_BASKET2;SEASHELLS;30743.0;9
179600;;;DJEMBES;SEASHELLS;13479.0;1
179600;;;RAINFOREST_RESIN;SEASHELLS;10008.0;5
179800;;;CROISSANTS;SEASHELLS;4329.0;5
180000;;;KELP;SEASHELLS;2020.0;11
180000;;;SQUID_INK;SEASHELLS;1972.0;11
180400;;;JAMS;SEASHELLS;6684.0;8
180500;;;KELP;SEASHELLS;2020.0;6
180500;;;SQUID_INK;SEASHELLS;1971.0;6
180800;;;CROISSANTS;SEASHELLS;4329.0;6
180800;;;JAMS;SEASHELLS;6683.0;9
180800;;;JAMS;SEASHELLS;6684.0;10
180900;;;DJEMBES;SEASHELLS;13475.0;4
180900;;;JAMS;SEASHELLS;6683.0;6
180900;;;KELP;SEASHELLS;2021.0;11
180900;;;SQUID_INK;SEASHELLS;1973.0;1
181000;;;KELP;SEASHELLS;2020.0;1
181000;;;SQUID_INK;SEASHELLS;1971.0;1
181300;;;DJEMBES;SEASHELLS;13476.0;3
181400;;;KELP;SEASHELLS;2021.0;2
181400;;;SQUID_INK;SEASHELLS;1973.0;2
181500;;;KELP;SEASHELLS;2018.0;1
181500;;;KELP;SEASHELLS;2018.0;2
181500;;;PICNIC_BASKET2;SEASHELLS;30717.0;2
181500;;;SQUID_INK;SEASHELLS;1969.0;1
181500;;;SQUID_INK;SEASHELLS;1969.0;2
181600;;;KELP;SEASHELLS;2018.0;2
181600;;;SQUID_INK;SEASHELLS;1969.0;2
181700;;;KELP;SEASHELLS;2021.0;14
181700;;;SQUID_INK;SEASHELLS;1972.0;14
181800;;;KELP;SEASHELLS;2018.0;1
181800;;;SQUID_INK;SEASHELLS;1968.0;1
182000;;;DJEMBES;SEASHELLS;13477.0;3
182100;;;KELP;SEASHELLS;2018.0;2
182100;;;SQUID_INK;SEASHELLS;1969.0;2
182200;;;KELP;SEASHELLS;2020.0;1
182400;;;DJEMBES;SEASHELLS;13481.0;3
182500;;;RAINFOREST_RESIN;SEASHELLS;9992.0;5
182500;;;RAINFOREST_RESIN;SEASHELLS;9998.0;2
182500;;;RAINFOREST_RESIN;SEASHELLS;9998.0;1
182600;;;CROISSANTS;SEASHELLS;4327.0;8
182600;;;PICNIC_BASKET1;SEASHELLS;59550.0;1
182600;;;PICNIC_BASKET2;SEASHELLS;30727.0;10
182800;;;RAINFOREST_RESIN;SEASHELLS;10002.0;3
182800;;;RAINFOREST_RESIN;SEASHELLS;10001.0;1
183100;;;CROISSANTS;SEASHELLS;4325.0;8
183100;;;KELP;SEASHELLS;2022.0;1
183100;;;SQUID_INK;SEASHELLS;1970.0;1
183200;;;DJEMBES;SEASHELLS;13481.0;2
183200;;;JAMS;SEASHELLS;6682.0;7
183200;;;KELP;SEASHELLS;2019.0;9
183200;;;SQUID_INK;SEASHELLS;1967.0;9
183300;;;PICNIC_BASKET1;SEASHELLS;59560.0;7
183300;;;PICNIC_BASKET2;SEASHELLS;30728.0;7
183300;;;RAINFOREST_RESIN;SEASHELLS;9992.0;2
183400;;;DJEMBES;SEASHELLS;13482.0;3
183500;;;CROISSANTS;SEASHELLS;4330.0;6
183500;;;KELP;SEASHELLS;2022.0;1
183500;;;SQUID_INK;SEASHELLS;1970.0;1
183600;;;DJEMBES;SEASHELLS;13480.0;2
183700;;;KELP;SEASHELLS;2023.0;8
183700;;;RAINFOREST_RESIN;SEASHELLS;9992.0;10
183700;;;SQUID_INK;SEASHELLS;1971.0;8
183800;;;RAINFOREST_RESIN;SEASHELLS;10002.0;5
183900;;;PICNIC_BASKET1;SEASHELLS;59556.0;4
183900;;;PICNIC_BASKET2;SEASHELLS;30737.0;4
184000;;;CROISSANTS;SEASHELLS;4331.0;7
184000;;;JAMS;SEASHELLS;6681.0;4
184000;;;KELP;SEASHELLS;2019.0;13
184000;;;SQUID_INK;SEASHELLS;1968.0;13
184100;;;KELP;SEASHELLS;2022.0;1
184100;;;SQUID_INK;SEASHELLS;1969.0;1
184300;;;PICNIC_BASKET1;SEASHELLS;59559.0;2
184300;;;PICNIC_BASKET1;SEASHELLS;59558.0;3
184300;;;PICNIC_BASKET2;SEASHELLS;30735.0;2
184300;;;PICNIC_BASKET2;SEASHELLS;30735.0;3
184500;;;JAMS;SEASHELLS;6682.0;9
184600;;;KELP;SEASHELLS;2020.0;1
184600;;;SQUID_INK;SEASHELLS;1961.0;1
184800;;;RAINFOREST_RESIN;SEASHELLS;10003.0;8
185000;;;JAMS;SEASHELLS;6680.0;5
185200;;;KELP;SEASHELLS;2024.0;10
185200;;;SQUID_INK;SEASHELLS;1964.0;10
185300;;;JAMS;SEASHELLS;6681.0;10
185400;;;KELP;SEASHELLS;2020.0;1
185400;;;SQUID_INK;SEASHELLS;1961.0;1
185600;;;CROISSANTS;SEASHELLS;4333.0;5
185600;;;RAINFOREST_RESIN;SEASHELLS;9999.0;1
185700;;;JAMS;SEASHELLS;6683.0;4
186100;;;KELP;SEASHELLS;2022.0;1
186100;;;KELP;SEASHELLS;2022.0;4
186100;;;SQUID_INK;SEASHELLS;1961.0;1
186100;;;SQUID_INK;SEASHELLS;1961.0;4
186300;;;KELP;SEASHELLS;2021.0;10
186300;;;SQUID_INK;SEASHELLS;1960.0;10
186400;;;KELP;SEASHELLS;2021.0;1
186400;;;SQUID_INK;SEASHELLS;1960.0;1
186600;;;DJEMBES;SEASHELLS;13480.0;2
186700;;;PICNIC_BASKET1;SEASHELLS;59582.0;7
186700;;;PICNIC_BASKET2;SEASHELLS;30741.0;2
187000;;;KELP;SEASHELLS;2022.0;3
187000;;;RAINFOREST_RESIN;SEASHELLS;9992.0;1
187000;;;SQUID_INK;SEASHELLS;1964.0;3
187200;;;CROISSANTS;SEASHELLS;4333.0;5
187200;;;JAMS;SEASHELLS;6684.0;10
187300;;;DJEMBES;SEASHELLS;13479.0;5
187300;;;KELP;SEASHELLS;2023.0;1
187300;;;SQUID_INK;SEASHELLS;1965.0;1
187400;;;KELP;SEASHELLS;2023.0;1
187400;;;RAINFOREST_RESIN;SEASHELLS;9999.0;1
187400;;;SQUID_INK;SEASHELLS;1964.0;1
187500;;;RAINFOREST_RESIN;SEASHELLS;9998.0;4
187600;;;CROISSANTS;SEASHELLS;4333.0;8
187700;;;KELP;SEASHELLS;2021.0;1
187700;;;KELP;SEASHELLS;2024.0;15
187700;;;RAINFOREST_RESIN;SEASHELLS;10001.0;1
187700;;;SQUID_INK;SEASHELLS;1961.0;1
187700;;;SQUID_INK;SEASHELLS;1964.0;15
187700;;;SQUID_INK;SEASHELLS;1963.0;8
188400;;;CROISSANTS;SEASHELLS;4332.0;6
188500;;;RAINFOREST_RESIN;SEASHELLS;10008.0;7
188600;;;RAINFOREST_RESIN;SEASHELLS;9992.0;6
188600;;;RAINFOREST_RESIN;SEASHELLS;10008.0;6
188800;;;RAINFOREST_RESIN;SEASHELLS;9997.0;3
189000;;;JAMS;SEASHELLS;6685.0;10
189000;;;KELP;SEASHELLS;2020.0;1
189000;;;SQUID_INK;SEASHELLS;1954.0;1
189100;;;DJEMBES;SEASHELLS;13481.0;3
189100;;;RAINFOREST_RESIN;SEASHELLS;10002.0;5
189200;;;KELP;SEASHELLS;2021.0;3
189200;;;SQUID_INK;SEASHELLS;1951.0;3
189400;;;RAINFOREST_RESIN;SEASHELLS;10001.0;1
189500;;;KELP;SEASHELLS;2024.0;2
189500;;;SQUID_INK;SEASHELLS;1952.0;2
189800;;;KELP;SEASHELLS;2023.0;2
189800;;;SQUID_INK;SEASHELLS;1953.0;2
189900;;;KELP;SEASHELLS;2022.0;1
189900;;;SQUID_INK;SEASHELLS;1952.0;1
190000;;;KELP;SEASHELLS;2020.0;9
190000;;;SQUID_INK;SEASHELLS;1951.0;9
190200;;;RAINFOREST_RESIN;SEASHELLS;10002.0;5
190300;;;KELP;SEASHELLS;2023.0;1
190300;;;SQUID_INK;SEASHELLS;1954.0;1
190400;;;RAINFOREST_RESIN;SEASHELLS;10002.0;1
190400;;;RAINFOREST_RESIN;SEASHELLS;10002.0;2
190600;;;JAMS;SEASHELLS;6684.0;6
190600;;;KELP;SEASHELLS;2020.0;1
190600;;;SQUID_INK;SEASHELLS;1954.0;1
190700;;;KELP;SEASHELLS;2020.0;10
190700;;;SQUID_INK;SEASHELLS;1953.0;10
190800;;;DJEMBES;SEASHELLS;13482.0;8
190800;;;JAMS;SEASHELLS;6684.0;7
190900;;;KELP;SEASHELLS;2024.0;1
190900;;;KELP;SEASHELLS;2023.0;1
190900;;;SQUID_INK;SEASHELLS;1958.0;1
191800;;;KELP;SEASHELLS;2022.0;1
191800;;;RAINFOREST_RESIN;SEASHELLS;9999.0;1
192000;;;KELP;SEASHELLS;2022.0;1
192000;;;SQUID_INK;SEASHELLS;1959.0;1
192200;;;CROISSANTS;SEASHELLS;4331.0;6
192200;;;JAMS;SEASHELLS;6685.0;5
192200;;;KELP;SEASHELLS;2019.0;5
192200;;;SQUID_INK;SEASHELLS;1954.0;5
192400;;;KELP;SEASHELLS;2019.0;1
192400;;;RAINFOREST_RESIN;SEASHELLS;9992.0;6
192400;;;SQUID_INK;SEASHELLS;1956.0;1
192500;;;DJEMBES;SEASHELLS;13485.0;5
192600;;;RAINFOREST_RESIN;SEASHELLS;9992.0;6
192600;;;RAINFOREST_RESIN;SEASHELLS;9992.0;1
192900;;;DJEMBES;SEASHELLS;13483.0;3
193000;;;CROISSANTS;SEASHELLS;4330.0;7
193400;;;JAMS;SEASHELLS;6685.0;8
193500;;;RAINFOREST_RESIN;SEASHELLS;9992.0;6
193600;;;KELP;SEASHELLS;2021.0;14
193600;;;RAINFOREST_RESIN;SEASHELLS;10008.0;5
193600;;;RAINFOREST_RESIN;SEASHELLS;9992.0;7
193600;;;SQUID_INK;SEASHELLS;1961.0;14
193700;;;CROISSANTS;SEASHELLS;4328.0;8
193800;;;JAMS;SEASHELLS;6688.0;9
193800;;;KELP;SEASHELLS;2020.0;1
193800;;;SQUID_INK;SEASHELLS;1959.0;1
193900;;;DJEMBES;SEASHELLS;13482.0;4
193900;;;JAMS;SEASHELLS;6688.0;7
194000;;;JAMS;SEASHELLS;6686.0;10
194000;;;KELP;SEASHELLS;2018.0;1
194000;;;SQUID_INK;SEASHELLS;1957.0;1
194200;;;RAINFOREST_RESIN;SEASHELLS;10001.0;1
194300;;;KELP;SEASHELLS;2018.0;1
194400;;;KELP;SEASHELLS;2021.0;2
194400;;;SQUID_INK;SEASHELLS;1959.0;2
194600;;;KELP;SEASHELLS;2018.0;1
194600;;;SQUID_INK;SEASHELLS;1957.0;1
194700;;;JAMS;SEASHELLS;6689.0;10
194900;;;DJEMBES;SEASHELLS;13483.0;8
194900;;;JAMS;SEASHELLS;6690.0;8
195000;;;RAINFOREST_RESIN;SEASHELLS;10008.0;8
195100;;;DJEMBES;SEASHELLS;13483.0;4
195100;;;JAMS;SEASHELLS;6689.0;7
195100;;;JAMS;SEASHELLS;6690.0;7
195100;;;KELP;SEASHELLS;2018.0;2
195100;;;KELP;SEASHELLS;2018.0;6
195100;;;SQUID_INK;SEASHELLS;1961.0;2
195100;;;SQUID_INK;SEASHELLS;1961.0;6
195200;;;CROISSANTS;SEASHELLS;4330.0;7
195200;;;DJEMBES;SEASHELLS;13483.0;5
195300;;;CROISSANTS;SEASHELLS;4329.0;5
195800;;;KELP;SEASHELLS;2021.0;1
195800;;;SQUID_INK;SEASHELLS;1958.0;1
195900;;;RAINFOREST_RESIN;SEASHELLS;9992.0;2
196200;;;DJEMBES;SEASHELLS;13482.0;3
196200;;;JAMS;SEASHELLS;6692.0;10
196300;;;RAINFOREST_RESIN;SEASHELLS;10001.0;1
196500;;;KELP;SEASHELLS;2022.0;1
196500;;;SQUID_INK;SEASHELLS;1952.0;1
196700;;;JAMS;SEASHELLS;6693.0;9
196700;;;PICNIC_BASKET1;SEASHELLS;59603.0;1
196700;;;PICNIC_BASKET1;SEASHELLS;59602.0;6
196700;;;PICNIC_BASKET2;SEASHELLS;30774.0;1
196700;;;PICNIC_BASKET2;SEASHELLS;30774.0;6
196700;;;RAINFOREST_RESIN;SEASHELLS;9998.0;1
196800;;;RAINFOREST_RESIN;SEASHELLS;10001.0;1
196900;;;JAMS;SEASHELLS;6692.0;5
197000;;;RAINFOREST_RESIN;SEASHELLS;9992.0;8
197100;;;JAMS;SEASHELLS;6694.0;6
197300;;;CROISSANTS;SEASHELLS;4330.0;6
197300;;;KELP;SEASHELLS;2023.0;1
197300;;;SQUID_INK;SEASHELLS;1957.0;1
197500;;;KELP;SEASHELLS;2020.0;1
197500;;;SQUID_INK;SEASHELLS;1955.0;1
197700;;;KELP;SEASHELLS;2024.0;2
197700;;;SQUID_INK;SEASHELLS;1959.0;2
198000;;;CROISSANTS;SEASHELLS;4326.0;5
198000;;;JAMS;SEASHELLS;6696.0;5
198000;;;RAINFOREST_RESIN;SEASHELLS;9998.0;5
198200;;;RAINFOREST_RESIN;SEASHELLS;10001.0;1
198500;;;KELP;SEASHELLS;2024.0;2
198500;;;RAINFOREST_RESIN;SEASHELLS;9997.0;10
198500;;;SQUID_INK;SEASHELLS;1959.0;2
198800;;;KELP;SEASHELLS;2021.0;1
198800;;;SQUID_INK;SEASHELLS;1954.0;1
198900;;;DJEMBES;SEASHELLS;13477.0;9
198900;;;KELP;SEASHELLS;2021.0;5
198900;;;SQUID_INK;SEASHELLS;1956.0;5
199000;;;JAMS;SEASHELLS;6695.0;4
199000;;;KELP;SEASHELLS;2020.0;2
199000;;;SQUID_INK;SEASHELLS;1957.0;2
199100;;;KELP;SEASHELLS;2020.0;1
199100;;;PICNIC_BASKET1;SEASHELLS;59601.0;2
199100;;;PICNIC_BASKET2;SEASHELLS;30763.0;2
199100;;;SQUID_INK;SEASHELLS;1956.0;1
199200;;;KELP;SEASHELLS;2021.0;2
199200;;;SQUID_INK;SEASHELLS;1957.0;2
199300;;;RAINFOREST_RESIN;SEASHELLS;10008.0;2
199400;;;KELP;SEASHELLS;2022.0;1
199400;;;KELP;SEASHELLS;2021.0;2
199400;;;KELP;SEASHELLS;2021.0;1
199400;;;KELP;SEASHELLS;2021.0;3
199400;;;SQUID_INK;SEASHELLS;1958.0;1
199400;;;SQUID_INK;SEASHELLS;1956.0;2
199400;;;SQUID_INK;SEASHELLS;1956.0;1
199400;;;SQUID_INK;SEASHELLS;1956.0;3
199600;;;KELP;SEASHELLS;2023.0;1
199600;;;KELP;SEASHELLS;2023.0;1
199600;;;SQUID_INK;SEASHELLS;1959.0;2
199800;;;JAMS;SEASHELLS;6696.0;9
199900;;;PICNIC_BASKET1;SEASHELLS;59622.0;1
200000;;;KELP;SEASHELLS;2023.0;1
200000;;;SQUID_INK;SEASHELLS;1961.0;1
200100;;;CROISSANTS;SEASHELLS;4327.0;10
200300;;;KELP;SEASHELLS;2021.0;5
200300;;;SQUID_INK;SEASHELLS;1958.0;5
200900;;;RAINFOREST_RESIN;SEASHELLS;10002.0;4
200900;;;SQUID_INK;SEASHELLS;1956.0;3
201400;;;CROISSANTS;SEASHELLS;4329.0;8
201500;;;CROISSANTS;SEASHELLS;4329.0;6
201500;;;KELP;SEASHELLS;2021.0;1
201500;;;KELP;SEASHELLS;2021.0;10
201500;;;SQUID_INK;SEASHELLS;1960.0;1
201500;;;SQUID_INK;SEASHELLS;1960.0;10
201600;;;KELP;SEASHELLS;2021.0;10
201600;;;SQUID_INK;SEASHELLS;1960.0;10
201700;;;PICNIC_BASKET1;SEASHELLS;59635.0;2
201700;;;PICNIC_BASKET2;SEASHELLS;30793.0;2
201800;;;KELP;SEASHELLS;2023.0;1
201800;;;SQUID_INK;SEASHELLS;1963.0;1
201900;;;JAMS;SEASHELLS;6694.0;12
202000;;;JAMS;SEASHELLS;6693.0;5
202100;;;JAMS;SEASHELLS;6694.0;11
202100;;;KELP;SEASHELLS;2025.0;2
202100;;;SQUID_INK;SEASHELLS;1966.0;2
202200;;;KELP;SEASHELLS;2023.0;3
202200;;;SQUID_INK;SEASHELLS;1966.0;3
202200;;;SQUID_INK;SEASHELLS;1964.0;6
202300;;;DJEMBES;SEASHELLS;13487.0;3
202400;;;KELP;SEASHELLS;2025.0;4
202400;;;SQUID_INK;SEASHELLS;1967.0;4
202600;;;KELP;SEASHELLS;2021.0;2
202600;;;SQUID_INK;SEASHELLS;1965.0;2
202700;;;KELP;SEASHELLS;2025.0;12
202700;;;KELP;SEASHELLS;2024.0;1
202700;;;SQUID_INK;SEASHELLS;1969.0;12
202700;;;SQUID_INK;SEASHELLS;1968.0;1
202900;;;CROISSANTS;SEASHELLS;4328.0;5
202900;;;KELP;SEASHELLS;2022.0;1
202900;;;KELP;SEASHELLS;2022.0;4
202900;;;SQUID_INK;SEASHELLS;1967.0;1
202900;;;SQUID_INK;SEASHELLS;1967.0;4
203000;;;JAMS;SEASHELLS;6694.0;7
203000;;;RAINFOREST_RESIN;SEASHELLS;10001.0;1
203100;;;RAINFOREST_RESIN;SEASHELLS;10001.0;1
203200;;;KELP;SEASHELLS;2024.0;1
203200;;;SQUID_INK;SEASHELLS;1968.0;1
203300;;;KELP;SEASHELLS;2021.0;1
203300;;;SQUID_INK;SEASHELLS;1966.0;1
203400;;;JAMS;SEASHELLS;6697.0;4
203500;;;PICNIC_BASKET1;SEASHELLS;59613.0;2
203500;;;PICNIC_BASKET2;SEASHELLS;30788.0;10
203700;;;DJEMBES;SEASHELLS;13492.0;1
203800;;;KELP;SEASHELLS;2024.0;1
203800;;;SQUID_INK;SEASHELLS;1969.0;1
203900;;;RAINFOREST_RESIN;SEASHELLS;9992.0;8
204100;;;DJEMBES;SEASHELLS;13490.0;4
204200;;;RAINFOREST_RESIN;SEASHELLS;10008.0;2
204500;;;PICNIC_BASKET2;SEASHELLS;30804.0;1
204700;;;JAMS;SEASHELLS;6698.0;4
204900;;;RAINFOREST_RESIN;SEASHELLS;10001.0;1
205000;;;RAINFOREST_RESIN;SEASHELLS;10008.0;1
205100;;;RAINFOREST_RESIN;SEASHELLS;10008.0;8
205100;;;RAINFOREST_RESIN;SEASHELLS;10008.0;1
205200;;;CROISSANTS;SEASHELLS;4329.0;7
205400;;;DJEMBES;SEASHELLS;13495.0;2
205400;;;KELP;SEASHELLS;2024.0;5
205400;;;KELP;SEASHELLS;2024.0;1
205400;;;SQUID_INK;SEASHELLS;1972.0;5
205400;;;SQUID_INK;SEASHELLS;1972.0;1
205500;;;RAINFOREST_RESIN;SEASHELLS;10008.0;2
205800;;;SQUID_INK;SEASHELLS;1971.0;3
206000;;;KELP;SEASHELLS;2021.0;1
206000;;;SQUID_INK;SEASHELLS;1971.0;1
206300;;;CROISSANTS;SEASHELLS;4331.0;6
206500;;;RAINFOREST_RESIN;SEASHELLS;10008.0;9
206600;;;RAINFOREST_RESIN;SEASHELLS;10008.0;5
206800;;;KELP;SEASHELLS;2020.0;2
206800;;;KELP;SEASHELLS;2021.0;4
206800;;;SQUID_INK;SEASHELLS;1973.0;2
206900;;;PICNIC_BASKET1;SEASHELLS;59659.0;5
206900;;;PICNIC_BASKET2;SEASHELLS;30806.0;5
206900;;;RAINFOREST_RESIN;SEASHELLS;9999.0;1
207100;;;JAMS;SEASHELLS;6701.0;4
207100;;;RAINFOREST_RESIN;SEASHELLS;10008.0;8
207200;;;KELP;SEASHELLS;2020.0;10
207200;;;RAINFOREST_RESIN;SEASHELLS;9998.0;3
207200;;;SQUID_INK;SEASHELLS;1975.0;10
207400;;;KELP;SEASHELLS;2022.0;1
207400;;;SQUID_INK;SEASHELLS;1976.0;1
207600;;;CROISSANTS;SEASHELLS;4331.0;5
207600;;;KELP;SEASHELLS;2020.0;4
207600;;;RAINFOREST_RESIN;SEASHELLS;10008.0;1
207600;;;SQUID_INK;SEASHELLS;1973.0;4
207700;;;RAINFOREST_RESIN;SEASHELLS;10008.0;4
207800;;;RAINFOREST_RESIN;SEASHELLS;10003.0;4
207900;;;DJEMBES;SEASHELLS;13498.0;5
207900;;;KELP;SEASHELLS;2020.0;1
207900;;;RAINFOREST_RESIN;SEASHELLS;9999.0;1
207900;;;SQUID_INK;SEASHELLS;1973.0;1
208000;;;KELP;SEASHELLS;2022.0;1
208000;;;RAINFOREST_RESIN;SEASHELLS;9998.0;5
208000;;;SQUID_INK;SEASHELLS;1976.0;1
208100;;;KELP;SEASHELLS;2023.0;2
208100;;;SQUID_INK;SEASHELLS;1976.0;2
208300;;;KELP;SEASHELLS;2024.0;9
208300;;;SQUID_INK;SEASHELLS;1978.0;9
208400;;;CROISSANTS;SEASHELLS;4329.0;8
208500;;;KELP;SEASHELLS;2021.0;14
208500;;;SQUID_INK;SEASHELLS;1972.0;14
208800;;;CROISSANTS;SEASHELLS;4329.0;5
209000;;;PICNIC_BASKET2;SEASHELLS;30788.0;2
209200;;;DJEMBES;SEASHELLS;13501.0;1
209200;;;JAMS;SEASHELLS;6696.0;9
209300;;;DJEMBES;SEASHELLS;13502.0;4
209300;;;RAINFOREST_RESIN;SEASHELLS;9992.0;6
209300;;;RAINFOREST_RESIN;SEASHELLS;9999.0;1
209500;;;JAMS;SEASHELLS;6696.0;6
209900;;;RAINFOREST_RESIN;SEASHELLS;10008.0;1
210000;;;CROISSANTS;SEASHELLS;4332.0;7
210000;;;PICNIC_BASKET1;SEASHELLS;59683.0;1
210000;;;PICNIC_BASKET2;SEASHELLS;30801.0;1
210100;;;RAINFOREST_RESIN;SEASHELLS;9999.0;1
210200;;;PICNIC_BASKET1;SEASHELLS;59685.0;1
210200;;;PICNIC_BASKET2;SEASHELLS;30801.0;1
210200;;;PICNIC_BASKET2;SEASHELLS;30800.0;6
210300;;;CROISSANTS;SEASHELLS;4332.0;6
211000;;;PICNIC_BASKET1;SEASHELLS;59682.0;1
211000;;;PICNIC_BASKET2;SEASHELLS;30805.0;1
211200;;;RAINFOREST_RESIN;SEASHELLS;9992.0;4
211200;;;RAINFOREST_RESIN;SEASHELLS;9992.0;1
211300;;;RAINFOREST_RESIN;SEASHELLS;10001.0;1
211500;;;KELP;SEASHELLS;2021.0;8
211500;;;RAINFOREST_RESIN;SEASHELLS;9992.0;9
211500;;;SQUID_INK;SEASHELLS;1972.0;8
211700;;;DJEMBES;SEASHELLS;13504.0;8
211700;;;DJEMBES;SEASHELLS;13504.0;5
211700;;;RAINFOREST_RESIN;SEASHELLS;10001.0;1
211900;;;CROISSANTS;SEASHELLS;4330.0;5
212100;;;RAINFOREST_RESIN;SEASHELLS;9998.0;4
212200;;;RAINFOREST_RESIN;SEASHELLS;10008.0;1
212300;;;DJEMBES;SEASHELLS;13505.0;2
212300;;;KELP;SEASHELLS;2020.0;1
212300;;;SQUID_INK;SEASHELLS;1971.0;1
212400;;;RAINFOREST_RESIN;SEASHELLS;10003.0;6
212400;;;RAINFOREST_RESIN;SEASHELLS;10003.0;6
212500;;;KELP;SEASHELLS;2019.0;11
212500;;;SQUID_INK;SEASHELLS;1971.0;11
213300;;;KELP;SEASHELLS;2021.0;10
213300;;;RAINFOREST_RESIN;SEASHELLS;9998.0;5
213300;;;SQUID_INK;SEASHELLS;1969.0;10
213400;;;KELP;SEASHELLS;2021.0;1
213400;;;SQUID_INK;SEASHELLS;1969.0;1
213500;;;RAINFOREST_RESIN;SEASHELLS;9998.0;3
213600;;;DJEMBES;SEASHELLS;13507.0;2
213700;;;JAMS;SEASHELLS;6695.0;5
213800;;;PICNIC_BASKET1;SEASHELLS;59688.0;7
213800;;;PICNIC_BASKET2;SEASHELLS;30790.0;7
213900;;;JAMS;SEASHELLS;6695.0;6
214100;;;JAMS;SEASHELLS;6695.0;4
214100;;;KELP;SEASHELLS;2022.0;1
214200;;;KELP;SEASHELLS;2020.0;15
214200;;;SQUID_INK;SEASHELLS;1970.0;15
214300;;;JAMS;SEASHELLS;6694.0;5
214500;;;JAMS;SEASHELLS;6695.0;8
214700;;;KELP;SEASHELLS;2022.0;1
214700;;;SQUID_INK;SEASHELLS;1973.0;1
214800;;;KELP;SEASHELLS;2023.0;1
214800;;;SQUID_INK;SEASHELLS;1974.0;1
215000;;;KELP;SEASHELLS;2020.0;1
215000;;;KELP;SEASHELLS;2020.0;8
215000;;;SQUID_INK;SEASHELLS;1970.0;1
215000;;;SQUID_INK;SEASHELLS;1970.0;8
215100;;;KELP;SEASHELLS;2020.0;2
215100;;;RAINFOREST_RESIN;SEASHELLS;10001.0;1
215100;;;SQUID_INK;SEASHELLS;1971.0;2
215200;;;KELP;SEASHELLS;2023.0;1
215200;;;KELP;SEASHELLS;2022.0;8
215200;;;SQUID_INK;SEASHELLS;1975.0;1
215300;;;DJEMBES;SEASHELLS;13500.0;3
215300;;;KELP;SEASHELLS;2023.0;14
215300;;;RAINFOREST_RESIN;SEASHELLS;10003.0;10
215300;;;SQUID_INK;SEASHELLS;1975.0;14
215400;;;DJEMBES;SEASHELLS;13501.0;3
215500;;;CROISSANTS;SEASHELLS;4328.0;8
215500;;;DJEMBES;SEASHELLS;13500.0;5
215600;;;KELP;SEASHELLS;2020.0;1
215600;;;KELP;SEASHELLS;2021.0;4
215600;;;SQUID_INK;SEASHELLS;1970.0;1
215600;;;SQUID_INK;SEASHELLS;1971.0;4
215900;;;KELP;SEASHELLS;2021.0;1
215900;;;PICNIC_BASKET1;SEASHELLS;59693.0;2
215900;;;PICNIC_BASKET1;SEASHELLS;59684.0;2
215900;;;PICNIC_BASKET2;SEASHELLS;30784.0;2
215900;;;PICNIC_BASKET2;SEASHELLS;30780.0;2
215900;;;SQUID_INK;SEASHELLS;1973.0;1
215900;;;SQUID_INK;SEASHELLS;1973.0;6
216000;;;KELP;SEASHELLS;2022.0;1
216000;;;SQUID_INK;SEASHELLS;1973.0;1
216100;;;KELP;SEASHELLS;2019.0;1
216100;;;SQUID_INK;SEASHELLS;1974.0;1
216300;;;KELP;SEASHELLS;2019.0;1
216300;;;SQUID_INK;SEASHELLS;1974.0;1
216400;;;KELP;SEASHELLS;2021.0;1
216400;;;SQUID_INK;SEASHELLS;1976.0;1
216600;;;PICNIC_BASKET1;SEASHELLS;59669.0;5
216600;;;PICNIC_BASKET2;SEASHELLS;30768.0;5
216800;;;KELP;SEASHELLS;2019.0;2
216800;;;SQUID_INK;SEASHELLS;1976.0;2
216900;;;JAMS;SEASHELLS;6694.0;8
217300;;;CROISSANTS;SEASHELLS;4329.0;5
217300;;;DJEMBES;SEASHELLS;13504.0;5
217300;;;KELP;SEASHELLS;2020.0;1
217300;;;KELP;SEASHELLS;2020.0;4
217300;;;SQUID_INK;SEASHELLS;1976.0;1
217300;;;SQUID_INK;SEASHELLS;1976.0;4
217600;;;KELP;SEASHELLS;2020.0;7
217600;;;SQUID_INK;SEASHELLS;1982.0;7
217700;;;KELP;SEASHELLS;2020.0;1
217700;;;SQUID_INK;SEASHELLS;1987.0;1
217800;;;KELP;SEASHELLS;2021.0;2
217800;;;SQUID_INK;SEASHELLS;1987.0;2
218000;;;DJEMBES;SEASHELLS;13502.0;4
218100;;;JAMS;SEASHELLS;6694.0;7
218200;;;KELP;SEASHELLS;2021.0;1
218300;;;DJEMBES;SEASHELLS;13503.0;2
218300;;;JAMS;SEASHELLS;6693.0;5
